3510 5338
745 421 931 467 mmmm
1388 381 1391 386 ⁸
1408 401 1449 462 87

224 585 355 649 λύεσθαι
381 582 464 665 πρὸς
491 580 606 652 αὐτοὺς
631 579 687 651 τάς
716 581 873 664 διαβολάς.
903 582 953 644 59.
977 580 996 643 ὅ
1020 579 1055 643 δὲ
1078 579 1298 661 ἀπολυόμενος
1320 578 1450 659 (ἀπολο-

225 675 381 757 γούμενος
408 691 493 736 unus
521 670 635 752 codex)
662 671 724 753 ἔφη
749 675 806 734 etc.
845 669 938 733 Adde
961 670 1057 732 Arist.
1080 667 1159 732 Ran.
1183 668 1256 731 691.
1284 668 1374 731 λῦσαι
1396 667 1452 736 τὰς

225 764 380 845 πρότερον
403 762 566 844 ἁμαρτίας.
634 759 725 829 ὅπως
751 759 919 841 μέμηνηταί
942 782 974 822 τε
1000 763 1065 826 τῶν
1087 757 1159 839 περὶ
1180 757 1236 839 τὴν
1256 757 1452 838 Ἄντανδρον

225 853 443 935 γεγενημένων
466 850 519 913 καλ
541 848 596 919 τὰς
620 847 770 932 θιαβολᾶς
792 848 969 930 (ἀπώσηται
985 847 1072 910 addit
1095 867 1190 929 marg.
1208 845 1256 928 G.)
1278 844 1451 926 κα1((1θ1.3)

224 942 296 1023 περὶ
317 947 382 1004 τῶν
409 940 587 1003 Φοινισσῶν
609 943 691 1001 νεῶν
708 975 749 982 -
766 937 1009 1020 ἀπολογήσηται.
1261 939 1264 944 ‘

672 1621 1011 1703 ADDENDA.

331 2011 355 2074 I.
381 2014 409 2075 9.
435 2015 463 2076 3.
487 2012 534 2083 ῶς
550 2009 698 2095 Ὅμηρος
721 2010 837 2095 [τοῦτο]
863 2010 1053 2092 δεδήλωκεν,
1081 2007 1114 2072 εἴ
1130 2032 1176 2090 τῳ
1204 2005 1313 2077 ἱκανὸς
1335 2029 1450 2089 τετιμη-

224 2107 347 2184 ριῶσαι.
370 2101 428 2165 111.
454 2102 526 2164 104.
549 2108 685 2165 τοσαῦτα
707 2101 767 2184 μέν
784 2098 932 2182 Ὄμηρος
955 2099 1186 2182 έτεκμηρίωσεν
1210 2102 1267 2162 etc.

312 2192 336 2254 Ι.
363 2194 412 2253 52.
437 2193 466 2254 2.
494 2192 530 2254 ἐκ
558 2197 622 2255 τῶν
646 2191 795 2274 Ἀθηνῶν
819 2190 1016 2271 (Ἀθηναίων
1040 2187 1072 2252 C.
1098 2186 1154 2270 G.).
1198 2186 1242 2250 Cf.
1266 2183 1321 2248 IV.
1348 2185 1396 2247 10.
1422 2185 1452 2248 οἶ

225 2280 260 2340 ἔνι
283 2285 348 2342 τῶν
366 2281 514 2362 Ἀθηνῶν
537 2318 580 2328 —-
603 2281 756 2363 πρέσβεις.
781 2280 832 2341 23.

313 2384 337 2447 Ι.
362 2385 414 2448 69.
438 2386 467 2447 4.
491 2385 586 2448 αὐτὸν
613 2386 685 2466 περὶ
712 2386 800 2466 αὐτῷ
824 2420 865 2428 -
890 2383 1063 2468 σφαλέντα]
1096 2383 1140 2447 Of.
1164 2383 1205 2448 Π.
1231 2384 1281 2446 65.
1307 2384 1334 2445 9.
1363 2380 1451 2444 αὐτοὶ

226 2473 259 2536 έν
282 2472 387 2555 (dei‘ss)
410 2474 497 2556 σφίσι
521 2510 562 2520 -
586 2474 805 2555 περιπεσόντες
828 2473 1018 2556 ἐσφάλησαν.
1042 2472 1098 2535 Vl.
1123 2476 1174 2535 33.
1198 2473 1316 2536 Herod.
1335 2472 1359 2534 Ι.
1380 2471 1450 2533 108.

224 2561 308 2644 μηδὲ
332 2599 373 2607 -
398 2571 530 2645 σεωυτῷ
551 2563 730 2645 περιπέσῃς.

313 2651 337 2714 Ι.
363 2652 412 2714 71.
438 2655 466 2716 2.
500 2651 545 2715 Of.
569 2652 624 2714 VI.
649 2654 700 2714 82.
733 2650 888 2732 Δωριεῦσι
915 2648 969 2714 καὶ
995 2650 1133 2714 πλείοσιν
1160 2647 1230 2714 οὖσι
1257 2651 1311 2714 καλ
1337 2676 1449 2736 παροι-

224 2744 342 2803 κοῦσιν.
366 2739 423 2804 Ill.
448 2742 499 2804 93.
524 2743 552 2803 2.

312 2847 336 2909 I.
363 2849 412 2910 76.
438 2849 466 2912 3.
490 2847 526 2912 τὸ
548 2846 656 2931 πλέον]
680 2846 716 2910 τὸ
738 2847 846 2910 πλεῖον
869 2846 902 2910 0.
927 2846 963 2910 G.
997 2845 1103 2911 Recte.

312 2935 336 2999 Ι.
360 2937 413 3002 90.
438 2939 466 2999 2.
498 2936 534 3000 τὸ
566 2936 775 3021 βουλόμενον]
810 2936 854 3000 Of.
887 2935 962 2999 Eur.
990 2936 1058 3018 Iph.
1087 2937 1125 2999 A.
1153 2937 1245 2999 1270.
1278 2935 1313 3000 τὸ
1345 2937 1450 3000 κείνου

221 3024 428 3107 βουλόμενον.

312 3112 336 3175 Ι.
363 3115 433 3177 103.
459 3117 487 3176 2.
510 3120 566 3179 τοῦ
585 3114 765 3199 Ἰθωμήτα]
788 3120 845 3179 τοῦ
864 3114 1026 3197 Ἰθωμάτα
1052 3113 1158 3180 Cobet.
1183 3134 1224 3178 ex
1248 3113 1352 3200 steph.
1374 3115 1450 3198 Byz.

224 3221 252 3262 v.
272 3200 405 3285 Ἰθώμη.

313 3289 337 3352 Ι.
363 3290 434 3353 134.
460 3292 488 3353 3.
512 3290 703 3374 άποψυχεῖν]
728 3291 772 3355 Of.
796 3292 983 3375 λιποψυχεῖν
1005 3291 1062 3354 IV.
1088 3293 1137 3355 12.

312 3379 336 3441 Ι.
363 3380 435 3444 139.
460 3383 488 3444 3.
512 3379 680 3464 εἰώθεσαν]
708 3379 761 3444 Sic
789 3379 905 3463 legitur
931 3382 965 3443 in
993 3380 1084 3443 libris
1107 3401 1180 3445 mss.
1213 3383 1359 3447 ἐώθεσαν
1382 3385 1449 3465 (sic)

224 3468 307 3531 dixit
328 3469 530 3551 Thucydides
553 3476 632 3534 teste
650 3470 769 3546 ,photio
792 3489 821 3552 p.
845 3472 898 3549 47,
923 3471 972 3533 17.
1012 3467 1104 3545 Quod
1127 3472 1183 3533 vix
1206 3473 1404 3538 crediderim.

312 3575 336 3637 I.
363 3577 435 3638 144.
462 3578 488 3639 1.
512 3577 622 3640 ε’λπίθα
645 3582 701 3640 τοῦ
724 3575 940 3659 περιέσεσθαι]
965 3576 1182 3641 01911189.
1206 3578 1260 3641 καὶ
1281 3578 1448 3644 Πελοπον-

222 3665 340 3747 νησίων
362 3666 570 3747 περιέσεσθαι.

223 3755 428 3906 Αώὲὲέἰ·
452 3757 482 3819 4·
505 3754 681 3839 Σιτάλκου]
704 3755 881 3825 Σιτάλκους
897 3759 997 3818 metro
1013 3756 1195 3838 postulante
1219 3757 1338 3841 legitur
1352 3759 1448 3823 Arist¹

312 3950 351 4012 11.
377 3953 428 4014 35.
454 3952 481 4013 1.
505 3952 552 4022 ὡς
574 3952 673 4016 καλὸν
697 3953 755 4038 -]
779 3953 863 4036 Lege
886 3951 933 4021 ὡς
955 3951 1055 4015 καλὸν
1078 3955 1116 4017 ὂν
1140 3991 1195 4017 -.

311 4039 353 4102 Π.
376 4043 428 4102 44.
455 4042 481 4103 1.
505 4040 644 4124 λάχωσιν
668 4080 709 4088 -
733 4041 890 4124 τελευτῆς]
914 4039 999 4122 Lege
1022 4043 1157 4126 τύχωσιν
1181 4081 1236 4105 -.

312 4128 352 4192 ΙΙ.
377 4131 429 4192 51.
454 4132 482 4191 2.
506 4130 796 4216 ἀναπιμπλάμενοι]
821 4131 865 4193 Os.
889 4128 982 4212 Soph.
1007 4129 1086 4194 Phil.
1111 4132 1183 4193 520.
1212 4131 1287 4194 ὅταν
1311 4132 1346 4195 δὲ
1368 4133 1446 4215 πλη-

222 4218 304 4300 σθῆς
327 4224 382 4300 τῆς
404 4218 502 4282 νόσου
526 4221 688 4302 ξυνουσίᾳ,
713 4225 770 4283 etc.
840 4222 867 4282 3.
891 4218 955 4281 ὑπὸ
978 4225 1034 4281 τοῦ
1057 4219 1177 4283 πολλοῦ
1200 4220 1230 4302 (l.
1246 4221 1365 4284 πολλοῦ
1381 4221 1448 4302 τοῦ)

221 4312 325 4370 κακοῦ
349 4309 527 4389 νικώμενοι.

310 4396 351 4460 Π.
374 4399 427 4459 52.
452 4399 480 4460 2.
505 4399 565 4461 οὐκ
588 4399 712 4480 ἔχοντες
735 4398 802 4461 ὅτι
826 4399 992 4483 γένωνται]
1020 4398 1066 4462 Of.
1089 4398 1207 4462 Herod.
1230 4399 1286 4462 IV.
1313 4400 1384 4462 156.
1408 4399 1447 4462 οὗ

222 4484 283 4566 γάρ
307 4485 392 4568 εἶχον
415 4486 436 4549 ὅ
456 4510 483 4549 τι
505 4488 636 4551 ποιέωσι
659 4487 743 4550 ἄλλο.
