3576 5340
716 409 903 458 racemos
1380 392 1421 457 29

196 598 224 638 τι
246 573 353 636 αὐτῶν
376 572 488 656 optimi
511 571 601 635 codd.
625 570 676 635 ἐπὶ
698 571 794 635 πλέον
816 571 888 655 περὶ
911 571 1017 635 αάτῶν
1040 577 1141 635 tentat
1163 571 1324 636 Linwood.
1352 571 1423 636 sin-

197 681 305 727 cerum
330 661 457 724 videtur
480 661 584 724 αὑτόν.
652 660 707 724 καὶ
729 661 848 744 πολλῆς
871 661 1031 744 εὐηθείας,
1055 661 1137 732 ὅστις
1161 663 1255 725 οἴεται
1279 660 1338 745 -]
1371 661 1424 726 sio

196 771 293 836 supro
314 750 349 814 τό
372 750 398 813 τ’
421 749 560 833 εὐτυχές,
584 751 616 814 εἴ
631 773 676 821 τις
698 754 755 815 eto.

287 857 343 921 III.
368 858 419 920 46.
445 859 472 920 1.
496 856 552 941 τὴν
584 858 739 940 ἁμαρτίαν
761 857 949 942 καταλῦσαι]
983 855 1041 934 Qu.
1073 857 1130 941 τὴν
1162 858 1318 942 ἁμαρτίαν
1341 858 1422 922 ἀπο-

196 949 287 1013 λῦσαι
310 951 378 1028 (aut
399 947 509 1026 λῦσαι).
549 947 594 1010 cf.
617 947 657 1010 ad
680 947 776 1010 Arist.
800 945 878 1010 Ran.
902 947 975 1009 691.
1048 948 1077 1010 2.
1100 947 1422 1032 παρασκευάσασθαι]

196 1037 265 1101 Imo
288 1035 602 1119 παρασκευάσεσθαι,
625 1041 662 1099 ut
677 1056 753 1100 mox
768 1037 1011 1119 παρατενεῑσθαι
1025 1041 1111 1101 recte
1127 1035 1233 1101 Cobet.
1293 1037 1422 1120 πολιορ-

196 1128 249 1210 κίη
277 1150 309 1190 τε
335 1124 589 1210 παρατενεῖσθαι]
613 1124 697 1210 Lege
720 1125 887 1209 πολιορκίη
911 1124 946 1189 δὲ
971 1162 1025 1188 -.
1065 1124 1111 1189 Of.
1135 1126 1231 1190 Arist.
1248 1124 1332 1190 Nub.
1349 1127 1422 1190 213.

285 1215 343 1279 ΠΙ.
367 1218 418 1279 49.
445 1217 472 1278 1.
495 1220 621 1279 τοιαῦτα
646 1214 681 1279 δὲ
704 1214 778 1298 (μέν
800 1220 884 1279 reete
908 1212 956 1295 G.)
979 1215 998 1278 δ
1020 1214 1172 1286 Διόδοτος
1195 1214 1286 1280 εἶπεν.
1341 1239 1422 1299 προ-

196 1303 575 1458 12]ι]ι]ε1]]ιυιόέρο(]1γεαδ
598 1303 916 1475 Aiistdssdidiioailivd
949 1302 1080 1457 Imooid
1100 1304 1276 1458 ’ἴθάάίόῗ
1295 1306 1423 1458 ’θδῦάέά

197 1484 276 1548 κατὰ
308 1484 420 1566 μέρος,
453 1484 484 1546 ολ
516 1482 551 1546 δὲ
574 1481 724 1566 ἤλαυνον]
758 1483 803 1546 Of.
826 1481 882 1545 IV.
908 1482 959 1545 26.
992 1483 1025 1546 oi
1054 1417 1114 1565 μζ
1146 1489 1231 1547 σῖτον
1262 1418 1359 1568 ἒνῃρτῇ
1383 1490 1423 1567 γῇ

198 1575 335 1657 ᾑροῦντο
350 1571 430 1636 κατὰ
445 1573 558 1655 μέρος,
582 1573 615 1635 αἱ
634 1572 669 1636 δὲ
683 1572 837 1655 μετέωροι
853 1572 995 1655 ὥρμουν.
1065 1573 1093 1634 3.
1116 1578 1171 1656 τῆς
1188 1573 1248 1655 μὲν
1264 1572 1423 1657 δευτέρας]

198 1670 253 1746 τῆς
273 1663 333 1746 μὲν
355 1663 511 1745 προτέρας
535 1661 573 1726 el.
597 1661 684 1745 prob.
708 1659 807 1725 Iinw.

286 1769 343 1833 ΠΙ.
368 1771 419 1832 51.
444 1770 472 1833 3.
495 1767 550 1832 τδν
572 1769 765 1832 ἔσπλουν-
783 1768 1020 1853 ἐλευθερώσας]
1045 1769 1089 1832 Of.
1109 1768 1204 1833 Dion.
1221 1768 1306 1834 cass.
1322 1768 1423 1834 XLII.

201 1859 250 1924 12.
277 1860 325 1921 12.
348 1860 456 1923 τόντε
479 1859 616 1922 ἔσπλουν
639 1857 867 1941 ἠλευθέρωσεν.
891 1858 943 1922 40.
968 1860 996 1920 2.
1021 1857 1151 1941 (Herw.)

286 1965 342 2030 111.
360 1968 411 2032 52.
428 1968 457 2028 2.
480 1966 648 2048 εἰρημένω
671 1964 745 2048 [γὰρ
760 1964 812 2049 ἦν]
836 1966 924 2047 αὐτῷ
940 1963 1061 2048 Cobet,
1084 1965 1154 2029 coll.
1170 1967 1266 2031 Arist.
1282 1965 1355 2050 Lye
1374 1968 1423 2030 13.

241 2056 315 2127 τούς
336 2080 369 2120 τε
392 2055 523 2126 ἀδίκους
545 2054 702 2139 κολάζειν]
724 2055 799 2124 τούς
820 2078 908 2118 τι-
931 2054 1069 2139 Madvig.
1093 2055 1174 2119 ὥστε
1196 2055 1269 2127 τοὺς
1292 2056 1424 2128 ἀδίκους

197 2151 263 2228 (aut
294 2145 498 2224 ἀδικοῦντας)
529 2144 675 2218 κολάζειν
706 2142 813 2208 Herw.
904 2147 933 2208 4.
966 2145 997 2207 σί
1024 2143 1059 2207 δὲ
1086 2144 1194 2226 ἔλεγον
1223 2146 1424 2229 αἰτησάμενοι

196 2235 380 2318 μακρότερα
413 2235 502 2298 εῑπιῖν
531 2271 572 2279 -
600 2233 654 2297 καί
686 2233 871 2304 ἐπελθόντες
893 2233 1010 2315 Ιἔλεγον
1041 2233 1162 2318 τοιάδε]
1200 2236 1231 2299 οί
1262 2235 1297 2299 δὲ
1328 2236 1425 2317 λόγον

198 2325 400 2476 αἰτηηάμηνοι
421 2323 621 2493 φξηκρὲίτηρον
644 2321 740 2386 είπεῖν
756 2359 798 2368 -
820 2321 896 2407 [καί]
920 2323 1105 2393 ἐπελθόντες
1128 2333 1185 2388 etc.
1208 2324 1329 2408 Herw„
1353 2325 1424 2389 coll.

198 2432 224 2475 (δ.
293 2431 403 2476 .θ(1.
472 2459 478 2473 ι
568 2461 574 2474 .

288 2518 329 2583 ΙΙ.
354 2521 405 2581 53.
431 2520 458 2582 1.
490 2519 544 2582 καὶ
575 2519 609 2583 έν
632 2519 791 2591 δικασταῖς
818 2521 878 2583 οὐκ
906 2521 946 2583 ἂν
973 2519 1078 2590 ἀλλοις
1106 2519 1285 2602 δεξάμενοι,
1314 2519 1423 2604 ὦνπερ

199 2606 253 2672 καί
276 2609 378 2691 ἔσμεν,
403 2608 548 2689 γενέσθαι
572 2608 603 2693 [ἢ
627 2608 711 2692 ὑμῖν]
736 2608 886 2672 Badhom.

288 2714 345 2779 ΙΙΙ.
370 2716 420 2778 56.
445 2716 474 2778 2.
497 2723 543 2798 τῷ
565 2717 674 2779 αὐτίκα
699 2713 874 2802 [χρησίμῳ]
898 2716 1050 2780 Badham.
1120 2718 1147 2780 3.
1171 2717 1205 2780 έν
1220 2722 1342 2799 καιροῖς
1365 2717 1423 2801 οἷς]

199 2805 223 2868 Ι.
240 2823 265 2869 e.
282 2805 316 2869 ἒν
331 2804 385 2876 οίς.
418 2803 536 2868 of.1.1.
560 2806 595 2869 έκ
620 2805 655 2870 δὲ
677 2807 858 2889 τεκμηρίων
873 2803 921 2870 ὧν
944 2807 975 2889 (1.
991 2825 1016 2870 e.
1033 2807 1068 2880 ἐξ
1082 2803 1141 2888 ὧν]
1157 2806 1208 2869 ee
1222 2807 1424 2889 μακρότατον

200 2896 372 2959 σκοποῦντί
391 2917 448 2977 μοι
470 2900 631 2959 πιστεῦσαι
654 2897 825 2979 ξυμβαίνει.
854 2895 1010 2961 Schoefer.
1035 2894 1139 2960 Melet.
1162 2916 1191 2979 p.
1218 2897 1289 2960 124.
1356 2895 1423 2960 τινὰ

199 2983 324 3068 ἀρετήν]
356 2983 421 3048 τινὰ
454 2985 550 3068 ἄντην
574 2984 726 3048 Badham.
766 2983 824 3062 Qu.
856 2985 923 3050 τινὰ
956 2986 1108 3070 στρατιάν.
1180 2984 1217 3049 τὰ
1246 2985 1423 3070 [ξύμφορα]

197 3073 280 3157 πρός
304 3111 345 3121 -
368 3073 520 3153 Badham.
589 3074 760 3160 ἀσφαλείᾳ]
787 3075 824 3138 τὰ
853 3075 981 3159 ἀσφαλῆ
1005 3075 1155 3139 Badham.
1180 3073 1238 3152 Qu.
1262 3076 1296 3139 έν
1319 3076 1422 3158 ἀσφα-

197 3163 263 3246 λείᾳ
286 3167 341 3227 aut
362 3163 429 3246 μετ’
453 3163 633 3247 ἀσφαλείας.
700 3164 746 3248 μὴ
770 3165 847 3228 ἄλλο
869 3189 896 3228 τι
919 3166 1045 3248 νομίσαι
1071 3170 1136 3229 τῶν
1158 3166 1339 3249 ξυμμάχων
1361 3171 1425 3237 τοῖς

198 3250 334 3335 ἀγαθοῖς
361 3255 380 3335 ἢ
405 3252 480 3317 ὅταν
504 3289 545 3298 -
569 3251 731 3317 Linwood.
764 3255 850 3318 “The
872 3255 974 3318 whole
1002 3253 1077 3317 driit
1109 3254 1144 3319 of
1168 3255 1219 3319 the
1242 3275 1374 3339 passage
1396 3257 1424 3318 is

198 3343 266 3405 that
286 3342 457 3427 principles
480 3343 515 3407 of
534 3344 660 3407 honour
676 3343 739 3407 and
761 3344 919 3428 gratitudo
943 3344 1042 3427 ought
1064 3349 1096 3407 to
1119 3343 1159 3408 be
1178 3343 1365 3408 considered
1389 3364 1424 3407 αε

197 3437 388 3517 parumcunt
409 3437 441 3496 to
464 3452 528 3514 any
553 3451 639 3498 mere
662 3438 842 3516 temporery
861 3432 974 3516 good.”
999 3430 1173 3516 (Linwood)
1242 3434 1270 3495 4.
1293 3434 1424 3516 βέβαιον

197 3521 253 3606 τὴν
275 3521 368 3605 χάριν
390 3527 445 3605 τῆς
467 3522 580 3605 ἀρετῆς
602 3523 700 3605 έχωσι
723 3523 823 3606 (ἔχητε
846 3521 945 3586 Linw.
961 3522 1065 3603 recte).
1111 3522 1165 3585 καί
1187 3521 1223 3585 τὸ
1245 3522 1423 3605 παραυτίκα

197 3635 261 3675 που
284 3612 359 3694 ὑμῖν
382 3611 546 3695 ὠφέλιμον
568 3612 770 3697 καθιστῆται]
798 3613 860 3676 κᾶν
886 3611 921 3675 τδ
944 3613 1122 3694 παραυτίκα
1150 3635 1214 3675 που
1236 3611 1282 3695 μὴ
1308 3612 1423 3695 ὠφέλι-

197 3725 261 3783 μον
283 3701 359 3764 καθ.
382 3702 443 3764 κάν
465 3702 501 3765 τδ
523 3702 702 3784 παραυτίκα
725 3725 789 3765 που
812 3701 858 3786 μὴ
882 3702 957 3785 ὑμῖν
980 3702 1065 3785 (ὑμῖν
1087 3700 1170 3785 μηδ]
1195 3738 1237 3748 -
1260 3701 1424 3766 Linwood.

197 3787 382 3871 Exciderat,
416 3791 540 3874 opinor,
571 3790 616 3875 μὴ
649 3796 721 3874 post
751 3792 834 3875 ὑμῖν.
902 3793 964 3855 κάν
990 3790 1026 3855 τδ
1053 3791 1231 3873 παραυτίκα
1258 3814 1321 3855 που
1350 3792 1425 3874 ὑμῖν

198 3879 362 3962 ὠφέλιμον
385 3880 584 3963 καθιστῆται,
608 3882 840 3964 προσκέφασθε
856 3883 927 3964 (om.
943 3905 975 3945 τε
991 3899 1063 3944 cunr
1080 3880 1128 3963 Β.)
1151 3881 1197 3945 ὅτι
1214 3919 1254 3928 -
1272 3881 1423 3948 Badham.

198 3970 251 4032 καί
284 3967 320 4032 τό
351 3971 529 4052 παραυτίκα
562 3994 625 4034 που
658 3971 733 4053 ὑμῖν
765 3970 841 4055 (μὴ)
865 3970 1029 4053 ὠφέλιμον
1051 3971 1235 4054 καθιστῆται
1255 3991 1329 4035 oum
1360 3968 1424 4034 Do·

197 4057 294 4122 braeo
316 4058 510 4123 Doncldson.
549 4059 638 4124 Nihil
661 4061 779 4125 certius
802 4059 988 4124 Heilmanni
1012 4061 1205 4125 correctione
1233 4065 1264 4124 et
1286 4060 1424 4144 explica·

198 4149 285 4214 tione
307 4147 401 4212 habet
422 4149 560 4233 Madvig.

286 4236 344 4301 ΙΙΙ.
370 4238 420 4300 57.
447 4239 473 4300 1.
507 4239 601 4322 δρᾶτε
627 4239 718 4309 ὅπως
744 4238 790 4322 μὴ
815 4239 875 4302 οὐκ
899 4237 1129 4321 ἀποδέξωνται]
1162 4236 1230 4301 Imo
1250 4273 1289 4283 -
1306 4237 1423 4302 ἀποδέ-

198 4331 310 4402 ξονται.
349 4326 391 4391 Et
414 4329 460 4392 sio
483 4328 521 4391 V.
538 4327 575 4392 D.
600 4329 635 4391 in
659 4328 756 4392 Closs.
772 4328 885 4392 Joum.
902 4327 976 4394 XII.
994 4330 1068 4391 421.
1138 4329 1165 4390 3.
1189 4326 1332 4390 θανάτου
1355 4328 1423 4410 κρί-

197 4416 325 4501 νεσθαι]
353 4417 495 4481 θανάτου
517 4418 592 4500 δίκη
620 4417 782 4500 κρίνεσθαι
806 4420 844 4482 Α.
868 4419 904 4481 Ε.
928 4419 960 4482 F.
986 4417 1021 4481 6.
1060 4417 1143 4500 Lege
1166 4416 1308 4480 θανάτου
1333 4416 1424 4501 δίκην

197 4507 370 4590 κρίνεσθαι.
