3576 5340
684 405 871 454 ruuornmrs
1004 479 1006 484 ,
1349 386 1391 453 33

159 589 162 594 ·
255 567 312 633 III.
339 569 410 631 111.
437 569 464 631 1.
488 565 623 654 ἀποθεν]
657 567 741 652 Lege
769 587 893 652 semper
919 568 1061 633 ἄπωθεν.
1130 567 1200 632 ὅσοι
1221 567 1281 651 μὲν
1304 568 1391 650 ἒτύγ-

164 682 264 742 χανον
280 657 398 742 οὕτως]
422 657 492 722 ὅσοι
508 659 713 741 ἐνετύγχανον
728 657 833 728 αύτοῖς
848 657 987 740 Madvig.
1010 655 1116 722 Recte.
1177 657 1391 742 ξυνελθόντες]

165 748 404 822 ξυνεξελθόντες
435 752 499 812 tres
531 746 621 811 oodd.
643 746 732 830 prob.
756 745 918 810 Idnwood.
988 749 1016 809 2.
1046 745 1226 817 ἀσπόνδους
1258 745 1392 830 ὁμοίως]

166 836 347 907 ἀσπόνδους
370 837 462 920 ὅμως
484 837 519 920 (i.
536 855 561 900 e.
584 836 698 919 καίπερ
726 835 908 907 ἀσπόνδους
931 837 1038 915 ὄντας)
1063 834 1169 900 Cobet.
1207 834 1393 919 Requiritur

165 924 348 997 ἀσπόνδους
371 926 486 1008 (ὄντας)
509 925 608 1009 ὅμως.
648 925 692 990 of.
716 924 740 989 Ι.
766 926 815 989 19.
839 925 995 1009 ἐπηλύτην
1018 927 1092 989 ὄντα
1116 925 1215 1009 ὅμως.
1245 925 1315 991 vll.
1341 926 1391 988 75.

165 1016 283 1099 ἔχουσά
305 1039 371 1079 τινα
396 1015 487 1098 ὅμως
509 1015 545 1079 τὸ
567 1013 645 1097 μετὰ
668 1014 796 1079 πολλῶν
818 1014 974 1097 κούφισιν.

253 1103 311 1168 ΠΙ.
337 1106 408 1168 112.
433 1107 462 1166 2.
495 1105 647 1168 ἔπαιίπτει
678 1110 742 1175 τοῖς
765 1103 1021 1188 Ἀμπρακιώταις
1053 1105 1096 1168 ἔτι
1127 1104 1161 1167 ἰν
1191 1109 1257 1174 ταῖς
1288 1103 1393 1174 εὐναῖς

165 1192 246 1275 (οὖσι
261 1193 387 1277 supplet
401 1193 524 1346 Herwp
535 1231 573 1240 -
593 1193 630 1256 τὰ
647 1194 846 1277 γεγενημένα.
880 1193 986 1258 Recte.
1055 1194 1083 1255 3.
1099 1192 1230 1276 Δωρίδα
1246 1192 1392 1275 γλῶσσαν

164 1282 275 1367 ῖένιας]
299 1283 345 1348 of.
369 1282 475 1347 Solon.
524 1304 548 1346 r.
573 1283 624 1365 36,
642 1284 669 1345 9.
694 1283 840 1365 γλῶσσαν
864 1282 966 1346 οὐκέτ’
985 1281 1125 1366 Ἀττικίγν
1145 1282 1150 1366 l
1171 1283 1278 1352 ἱέντας.

253 1389 310 1454 ΙΠ.
337 1391 409 1453 113.
434 1392 462 1452 2.
487 1391 607 1455 ούκουν
629 1389 666 1453 τά
691 1390 773 1454 ὅπλα
795 1390 880 1455 ταυτὶ
903 1389 1071 1473 (τοσαυτλλ)
1094 1389 1244 1473 φαίνεται.

253 1479 311 1544 ΠΙ.
337 1480 409 1543 114.
436 1481 462 1542 l.
486 1478 522 1543 τά
547 1479 583 1544 δὲ
605 1485 662 1545 νῦν
681 1480 870 1563 ἀνακείμενα
887 1479 946 1563 -]
970 1479 1113 1543 Verbum
1138 1479 1317 1563 praedicato
1341 1499 1393 1543 ao-

161 1569 399 1633 oommodatum
424 1574 483 1652 ost,
515 1588 582 1633 non
609 1567 765 1652 subJoct0‚
798 1569 890 1633 utin
913 1567 968 1631 IV.
995 1568 1066 1632 102.
1099 1568 1134 1632 τὸ
1157 1569 1278 1652 χωρίον
1300 1575 1392 1632 τοῦτο

164 1659 245 1742 ὅπερ
263 1658 373 1723 Ἐννέα
397 1658 467 1723 ὁδοὶ
490 1658 669 1722 ἐκαλοῦντο.
693 1661 724 1722 et
747 1658 787 1721 ad
809 1658 865 1722 IV.
891 1658 963 1722 126.

252 1747 310 1812 ΙΠ.
337 1748 408 1810 116.
433 1750 466 1812 οἰ
485 1747 535 1811 ἐπὶ
557 1754 595 1831 τῇ
617 1747 714 1830 Αἴτνη
747 1755 793 1830 τῷ
821 1748 889 1830 ὄρει
912 1746 1065 1831 οἰκοῦσιν]
1099 1749 1133 1810 οΐ
1156 1746 1206 1810 ἐπὶ
1233 1752 1271 1830 τῇ
1294 1745 1390 1829 Αἴτνη

161 1836 222 1921 [τῷ
254 1836 331 1920 ὄρει]
361 1838 502 1901 οἰκοῦσιν
534 1836 640 1901 Cobet.
674 1839 708 1900 οἳ
730 1835 795 1901 ύπδ
826 1845 873 1919 τῷ
895 1837 962 1918 ὄρει
993 1842 1031 1919 τῇ
1057 1835 1154 1918 Αἴτνη
1180 1873 1220 1882 -
1245 1840 1330 1899 reete
1355 1835 1391 1899 G.

164 1926 217 1991 Sic
239 1945 265 1991 e.
289 1947 317 2010 g.
341 1924 429 1989 VIII.
456 1926 527 1990 105.
557 1925 608 1990 διὰ
635 1926 691 2010 τὴν
719 1926 822 2009 ἄκραν
848 1925 884 1989 τδ
908 1923 1015 1997 Κυνὸς
1042 1932 1136 2009 σῆμα.
1176 1925 1221 1990 of.
1245 1925 1285 1988 ad
1308 1923 1392 1988 Xen.

163 2014 247 2081 Hell.
270 2015 327 2079 IV.
352 2017 381 2079 3.
405 2017 434 2080 8.

675 2175 788 2241 Liber
819 2175 874 2239 IV.

252 2338 309 2401 IV.
336 2339 362 2400 l.
389 2340 416 2400 1.
439 2336 519 2401 κατὰ
548 2337 645 2420 ἔχθος
672 2336 708 2401 τὸ
731 2336 901 2421 Ῥηγίνων]
934 2337 1003 2422 κατ’
1027 2315 1126 2420 ἔχθος
1155 2341 1221 2400 τῶν
1239 2335 1392 2420 Ῥηγίνων

163 2428 376 2511 Herwerden‚
409 2426 479 2491 coll.
504 2427 554 2489 24.
580 2429 607 2488 2.
640 2431 704 2490 τῶν
732 2424 885 2509 Ῥηγίνων
912 2426 981 2489 κατ’
1004 2427 1134 2509 ἔχθραν.
1173 2425 1282 2489 Malim
1311 2425 1391 2489 κατὰ

163 2518 199 2582 τὸ
222 2519 321 2601 ἔχθος
336 2555 392 2578 -.
417 2515 461 2578 Of.
485 2514 603 2579 Herod.
626 2513 685 2580 IX.
703 2516 753 2578 37.
776 2513 856 2579 κατὰ
879 2514 915 2578 τὸ
938 2515 1035 2598 ἔχθος
1057 2515 1093 2578 τὸ
1115 2515 1391 2598 Λακεδαιμονίων.

210 2609 238 2670 2.
261 2606 315 2671 καί
338 2606 428 2670 ἄλλαι
452 2603 508 2689 [αἱ]
531 2604 748 2688 πληρούμεναι
771 2603 910 2687 Madvig.
1330 2682 1332 2685 .

252 2696 308 2760 IV.
326 2698 354 2758 2.
374 2697 400 2758 1.
424 2694 534 2776 ὥσπερ
549 2692 839 2782 παρεσκευάζοντο]
857 2691 915 2768 Qu.
932 2693 1033 2775 ἅσπερ
1052 2730 1105 2756 -.
1174 2696 1214 2776 ἢν
1228 2689 1390 2778 βούληται]

161 2789 204 2869 ,ἢν
226 2785 372 2870 βούλεται
394 2785 426 2848 F.
466 2783 549 2847 Fort.
572 2781 594 2866 ἦ
616 2783 768 2866 βούλεται.
794 2823 797 2832 ·
1215 2862 1218 2867 Ι

253 2874 308 2939 IV.
333 2875 362 2936 3.
387 2875 415 2936 2.
439 2873 532 2956 φύσει
563 2872 719 2956 καρτερὸν
750 2873 788 2936 δν
810 2871 864 2936 καί
892 2872 1013 2955 ἐρῆμον
1037 2871 1101 2952 (καί
1123 2873 1246 2954 ἐρῆμον
1269 2889 1329 2936 om.
1355 2870 1391 2934 (³.

163 2965 296 3028 fortasse
328 2963 431 3045 recte).
505 2961 555 3026 ἒπί
581 2961 663 3026 πολὺ
691 2968 746 3045 τῆς
772 2960 899 3045 χώρας]
928 2959 1052 3025 0110.
1078 2961 1128 3026 12.
1161 2959 1212 3024 ἐπὶ
1242 2959 1324 3024 πολὺ
1349 2967 1391 3005 -’-

163 3060 220 3137 τῆς
244 3053 349 3136 δόξης.
419 3053 446 3116 3.
470 3050 544 3122 τοὺς
558 3051 761 3135 Μεσσηνίους
777 3051 912 3121 οἰκείους
935 3052 1028 3120 ὄντας
1048 3050 1137 3132 αύτῷ
1155 3050 1284 3131 (οἰκείου
1301 3051 1392 3120 ὄντος

164 3143 295 3225 αύτοῦθ]
320 3180 360 3188 -
384 3140 498 3205 πλεῖστ’
522 3142 562 3205 ἀν
583 3141 730 3224 βλάπτειν
753 3141 788 3214 ἒξ
810 3141 907 3205 αὐτοῦ
931 3140 1151 3223 ὁρμωμένους.

253 3250 309 3313 IV.
333 3251 363 3312 4.
389 3250 423 3312 1.-
448 3254 512 3319 τοῖς
544 3249 744 3330 στρατιώταις
773 3286 814 3295 -
844 3247 929 3331 ὁρμὴ
967 3240 1100 3311 ἐπέπεσε
1131 3246 1166 3326 (l.
1190 3247 1328 3320 ἐνέπεσε,
1362 3251 1393 3309 et
1448 3253 1451 3258 '

164 3342 211 3405 sio
234 3339 352 3421 Herw.)
419 3337 490 3420 περί
513 3337 618 3401 στάσιν
641 3336 821 3421 ἐκτειχίσαι]
853 3341 1032 3419 περιστᾶσιν
1065 3336 1228 3419 ἐκτειχίσαι
1257 3334 1391 3399 Goeller.

163 3430 205 3494 ad
232 3428 325 3494 Dion.
354 3427 426 3491 Hal.
455 3427 493 3490 de
517 3425 549 3494 O.
573 3426 611 3488 V.
635 3447 663 3510 p.
689 3428 739 3490 50.
816 3428 843 3488 2.
877 3426 1087 3508 ἐγκεκυφότες
1117 3449 1149 3488 τε
1181 3425 1228 3494 ὡς
1258 3424 1391 3506 μάλιστα

163 3519 272 3603 μέλλοι
295 3515 460 3601 ἐπιμένειν]
487 3515 570 3599 Iege
594 3516 640 3586 ὡς
662 3515 784 3599 μάλιστ’
807 3517 847 3578 ἂν
869 3552 913 3560 -
928 3515 1098 3598 ἐπιμενεῖν.

254 3606 309 3671 IV.
335 3609 363 3671 5.
383 3607 414 3671 ,ὁ
438 3604 568 3688 στρατὸς
595 3606 637 3669 ἔτι
664 3606 698 3668 ἐν
724 3611 790 3675 ταῖς
817 3604 967 3688 Ἀθήναις
994 3602 1054 3687 ὢν]
1087 3603 1105 3667 ὁ
1131 3601 1261 3687 στρατὸς
1289 3603 1331 3666 ἔτι
1359 3602 1393 3666 ἰν

163 3705 202 3782 τῇ
221 3697 342 3780 Ἀττικῇ
366 3698 414 3760 ὢν
437 3694 589 3759 Badham.
615 3731 655 3741 -
680 3695 713 3758 ἓν
736 3701 773 3777 τῇ
792 3693 973 3777 Ἀθηναίων
996 3694 1044 3757 ὢν
1066 3692 1172 3757 Herw.

253 3787 309 3851 IV.
334 3788 362 3849 6.
387 3789 415 3849 2.
440 3784 560 3868 χειμὼν
584 3821 625 3829 -
649 3785 751 3848 ἑπίεσε
773 3783 918 3867 (ἕπίεζελ)
940 3782 976 3846 τὸ
1000 3783 1184 3872 στράτευμα.

253 3876 309 3940 IV.
334 3877 362 3940 8.
386 3876 416 3938 4.
439 3871 685 3960 παρατείνουσα]
713 3871 935 3956 Stretohing
962 3873 1082 3958 along.
1115 3870 1328 3936 Intransitivo.
1353 3870 1391 3933 V.

164 3965 273 4030 Elmsl.
302 3965 342 4029 ud
369 3965 443 4029 Her.
468 3964 541 4028 801.
615 3965 643 4026 5.
666 3964 768 4047 βύζην
800 3962 857 4046 (sio
879 3962 912 4026 F.
936 3981 1014 4026 oorr.
1039 3981 1099 4025 om.
1122 3960 1220 4024 A.·B.
1245 3960 1293 4042 0.)
1315 3958 1391 4042 κλῄ-

165 4080 230 4121 σειν
253 4054 450 4138 (συγκλῄσειν
472 4055 510 4116 Α.
535 4051 582 4134 Β.)
605 4053 744 4135 ἔμελλον.
778 4051 802 4114 I.
828 4072 852 4116 o.
877 4056 987 4116 arcto.
1026 4050 1141 4118 Nescio
1170 4070 1209 4113 an
1233 4068 1393 4131 nusquam

165 4146 243 4210 alibi
274 4145 451 4228 reperiatur
482 4162 548 4206 vox
583 4142 693 4225 βύζην.
733 4139 790 4216 Qu.
824 4142 907 4225 βῦζσ
940 4141 975 4225 (i.
1000 4160 1025 4205 e.
1055 4138 1173 4223 βύσδα,
1207 4139 1246 4202 of.
1278 4136 1393 4220 κύβδα.

165 4235 279 4319 λάβδα)
303 4233 487 4317 ξυγκλῄσειν
512 4269 567 4293 -.
817 4295 818 4298 ,
1104 4279 1107 4286 .

164 4363 167 4368 -
254 4324 309 4388 lv.
335 4325 363 4387 9.
390 4324 416 4385 1.
443 4322 614 4406 μέλλοντας
641 4319 849 4402 προσβάλλειν
877 4319 911 4402 (l.
934 4318 1144 4402 προσβαλεῖν).
1220 4318 1249 4379 2.
1273 4317 1307 4379 οἳ
1326 4317 1393 4380 ἔτυ-

164 4437 223 4497 χον
246 4411 517 4496 παραγενόμενον]
545 4410 660 4474 Nonne
684 4411 720 4472 αἳ
738 4410 850 4493 ἔτυχον
872 4407 1136 4491 παραγενόμεναι.
1211 4408 1238 4468 3.
1263 4404 1394 4469 ε’πισπά-

163 4504 274 4567 σεσθαι
297 4502 515 4585 (ἐπιβήσεσθαι
539 4499 681 4582 Madvig)
705 4497 820 4569 αύτούς
844 4499 947 4582 ἡγεῖτο
970 4496 1249 4582 προθυμήσεσθαι.
1312 4495 1396 4557 ε’πισ-

1161 4605 1181 4664 3
