3510 5338
691 389 877 434 rnncrnrnrs
1357 373 1396 436 ⁷1

259 548 332 612 VH.
357 549 408 611 39.
434 547 462 609 1.
496 553 552 631 τής
582 546 643 629 μὲν
665 547 755 631 ὥρας
786 549 993 631 πρῳαίτερον,
1025 557 1064 632 τῇ
1093 548 1122 612 δ’
1150 550 1336 633 ἐπιχειρήσει
1363 559 1401 633 τῇ

170 641 252 722 αὐτῇ
276 637 334 723 -]
365 636 423 714 Qu.
452 644 491 720 τῇ
516 636 576 719 μέν
599 637 671 719 ὥρᾳ
696 674 751 699 -.
820 637 911 708 ὅπως
937 638 1044 708 αὐτοῖς
1071 639 1106 721 (l.
1129 639 1242 719 αὐτοῦ)
1271 640 1398 722 ἐκβιβά-

170 752 281 798 σαντες
303 725 378 797 τοὺς
400 727 516 796 ναύτας
544 725 642 796 εὐθὺς
669 725 757 808 παρὰ
784 726 840 797 τὰς
866 733 944 797 ναῦς
967 727 1258 811 ἀριστοποιήσονται
1281 729 1338 807 (sic
1360 730 1399 792 A.

171 817 209 881 D.
232 817 266 880 F.
290 817 592 898 ἀριστοποιήσωνται
624 816 660 880 Β.
685 835 764 879 corr.
788 815 824 878 F.
849 816 884 878 G.
917 815 1043 900 ἀριστον
1074 817 1267 899 ποιήσωνται
1293 817 1330 879 Β.
1354 838 1399 901 pr.

170 908 276 986 recte).
315 903 359 968 Of.
384 906 435 968 40.
451 904 505 968 καί
520 903 619 974 εὐθὺς
634 905 781 987 ἐκβάντες
797 906 895 968 αὐτοῦ
912 905 1038 988 ἄριστον
1054 907 1226 970 ἐποιοῦντο.
1288 908 1317 968 2.
1333 907 1398 968 ἐπι-

170 993 383 1079 μελομένους]
408 994 676 1076 ἐπιμελουμένους
699 996 738 1056 A.
755 993 790 1056 Β.
806 992 844 1057 D.
861 995 894 1058 F.
917 996 987 1058 fort.
1008 995 1132 1059 melius.
1199 996 1256 1078 τήν
1279 995 1400 1078 ἀγοράν

170 1090 236 1148 τών
267 1083 488 1166 πωλουμένων
519 1084 811 1166 μεταναστήσαντας
838 1083 888 1146 ἐπὶ
915 1083 972 1166 τήν
994 1084 1160 1148 θάλασσαν
1187 1085 1332 1168 κομίσαι]
1358 1123 1399 1130 -

171 1172 260 1255 παρὰ
284 1173 340 1256 τὴν
362 1173 529 1236 θάλασσαν
551 1179 739 1254 μεταστῆσαι
762 1173 954 1255 κομίσαντας
977 1173 1013 1236 A.
1030 1172 1067 1236 Ι).
1084 1172 1120 1238 Ε.
1136 1173 1169 1238 F.
1186 1174 1222 1236 G.
1246 1178 1278 1237 et
1298 1197 1346 1256 γρ.
1364 1175 1400 1238 Β.

171 1261 329 1327 Notabilis
362 1262 582 1345 discrepantia.
669 1262 761 1332 ὅπως
784 1299 827 1308 »-
850 1263 1104 1348 ἀπροσδοκήτοις
1136 1261 1399 1347 (1ος.ἀπροσδο“-

171 1351 289 1436 κήτως)
311 1357 376 1421 τοῖς
394 1350 575 1434 Ἀθηναίοις
598 1351 804 1433 ἐπιχειρῶσιν.
1328 1356 1330 1360 ⁴

260 1457 332 1522 VH.
349 1459 401 1522 40.
419 1460 446 1521 3.
472 1459 502 1520 οῖ
525 1457 560 1521 δὲ
577 1456 628 1520 διὰ
644 1458 764 1521 πολλοῦ
787 1458 952 1544 θορύβου]
977 1456 1035 1534 Qu.
1060 1460 1091 1521 οῖ
1114 1458 1149 1522 δὲ
1168 1459 1331 1542 Ἀθηναῖοι
1348 1497 1400 1532 -,

172 1553 209 1612 ut
231 1552 280 1612 est
299 1547 385 1610 iun.
453 1546 680 1631 ἀντανήγοντο]
713 1548 830 1611 Activa
861 1548 963 1611 forma
991 1548 1167 1630 ἀντανῆγον
1190 1553 1237 1612 est
1266 1550 1316 1611 37.
1342 1551 1401 1630 58,

172 1637 228 1701 ubi
253 1642 360 1701 tamen
383 1637 594 1718 ἀντανήγοντο
615 1637 840 1720 corrigendum
863 1637 1016 1719 suspicor.
1084 1637 1180 1718 κόπῳ
1204 1636 1399 1721 ἁλίσκεσθαι]

171 1727 267 1808 κόπῳ
291 1726 514 1789 ἀναλίσκεσθαι
539 1727 742 1808 (consumi,
770 1727 934 1807 conteri)
963 1725 1100 1809 Madvig.
1139 1725 1328 1790 Mendcsum
1353 1727 1425 1789 τί-Ι
1503 1814 1506 1820 ¹

172 1817 266 1882 detur
289 1815 520 1898 διαμέλλοντας.

261 1922 332 1987 VII.
349 1923 401 1986 41.
418 1925 446 1985 2.
471 1921 607 1986 ε’δόκουν
631 1922 665 1985 δὲ
687 1922 742 1986 καῖ
764 1921 819 1986 τὸν
837 1921 935 1996 πεζὸν
958 1923 1185 2009 χειρώσεσθαι]
1209 1921 1347 1986 ἐδόκουν
1360 1961 1400 1968 -

171 2015 210 2077 οὗ
234 2013 331 2096 χείρω
355 2013 482 2075 ἔσεσθαι
504 2011 640 2076 feliciter
662 2013 744 2076 eruit
767 2011 959 2108 G3Bnrges.
982 2012 1081 2096 Epist.
1106 2011 1181 2078 crit.
1205 2029 1233 2096 p.
1259 2013 1326 2077 81.

262 2119 333 2182 VII.
350 2120 402 2186 42,
421 2119 448 2180 1.
472 2119 527 2203 τήν
546 2117 610 2182 ἀπὸ
625 2124 691 2183 τῶν
709 2118 859 2202 Ἀθηνών
875 2118 1072 2202 (Ἀθηναίων
1088 2115 1305 2201 codd'Bekk.)
1321 2121 1399 2202 βοή-

172 2211 272 2274 θειαν.
342 2210 370 2271 3.
394 2209 526 2291 νομίσας
549 2209 609 2291 οὐχ
637 2205 706 2272 οίόν
728 2209 754 2270 τ’
782 2207 859 2273 εῖναι
883 2209 942 2292 -]
970 2210 1103 2291 νομίσας
1126 2211 1164 2273 οὗ
1187 2207 1301 2290 καιρὸν
1324 2206 1400 2272 εῖναι

173 2300 248 2379 (nisi
281 2298 401 2361 excidit
432 2298 507 2361 ἀνευ
542 2298 694 2362 κινδύνου
732 2304 789 2362 aut
824 2298 928 2362 simile
962 2298 1051 2381 qnid)
1083 2300 1218 2380 requirit
1249 2298 1401 2363 Badham.

173 2386 335 2452 Facillime
360 2388 444 2450 enim
469 2392 500 2452 et
523 2388 642 2450 morari
670 2389 810 2470 potuisse
839 2407 911 2452 enm
937 2391 969 2451 et
995 2388 1081 2452 idern
1107 2389 1193 2471 qnod
1217 2387 1327 2452 Niciae
1350 2408 1401 2452 ac-

174 2477 293 2540 ciderat
308 2477 454 2561 experiri.
523 2478 552 2539 4.
573 2476 655 2539 ώστε
669 2476 747 2560 μηδ’
763 2478 792 2540 εἰ
804 2477 1011 2559 μετέπεμφαν
1027 2478 1142 2558 (τιναΡ)
1166 2478 1208 2540 ἔτι
1224 2477 1347 2559 ὁμοίως
1362 2479 1401 2540 ἂν

173 2561 289 2636 αὐτούς
311 2566 452 2649 ὠφελεῖν.
522 2566 709 2647 γιγνώσκων
741 2566 787 2629 ὅτι
811 2603 852 2611 -
878 2566 1054 2635 δεινότατός
1085 2567 1147 2628 έστι
1175 2566 1309 2647 (έσταιλ)
1338 2572 1401 2636 τοῖς

171 2655 321 2726 ε’ναντίοις
344 2661 401 2720 etc.
472 2656 499 2718 5.
524 2655 647 2718 ἁπλοῦν
670 2653 718 2738 ὂν]
743 2655 865 2718 ἁπλοῦν
887 2679 920 2718 τε
943 2657 980 2717 ὂν
1004 2657 1041 2717 A.
1065 2654 1104 2718 D.
1128 2655 1163 2719 Ε.
1183 2655 1216 2718 F.
1233 2654 1269 2732 G.
1309 2653 1401 2730 Quod

172 2745 401 2828 recipiendum.
469 2745 526 2808 καί
550 2745 581 2807 οῖ
603 2744 645 2825 (οῖ
668 2763 728 2807 om.
752 2746 791 2806 A.
815 2743 853 2808 D.
876 2744 911 2807 E.
935 2743 969 2807 F.
993 2743 1029 2807 G.
1054 2767 1101 2825 γρ.
1126 2743 1173 2821 Β.)
1197 2743 1400 2825 ξυντομωτάρ

170 2859 228 2918 την
255 2835 358 2916 ἡγεῖτο
387 2834 625 2916 διαπολέμησιν]
655 2834 713 2911 Qu.
743 2833 797 2897 καὶ
824 2831 846 2916 ᾗ
870 2834 1092 2916 ξυντομωτάτη
1121 2835 1224 2915 ήγεῖτο
1254 2832 1399 2908 διαπολε-

171 2925 283 3006 μήσειν
300 2924 359 3003 (sic
374 2923 421 3004 B.)
490 2924 732 3006 ξυντομωτάτην
749 2923 884 3005 (ταύτην)
900 2925 1002 3005 ήγεῖτο
1020 2922 1247 3005 διαπολέμησιν
1263 2921 1402 3004 Madvig,

172 3013 242 3077 coll.
267 3012 338 3075 VII.
363 3014 413 3075 86.
439 3014 467 3074 l.
500 3012 736 3096 ἀσφαλεστάτην
773 3012 914 3095 (ταύτην)
943 3011 1020 3075 εἶναι
1051 3013 1234 3094 νομίσαντες
1264 3012 1402 3096 τήρησιν.

172 3101 277 3166 Recte.
317 3101 489 3165 Exciderat
511 3102 626 3184 ταύτην
649 3107 720 3185 post
743 3102 848 3166 simile
872 3140 913 3147 —
937 3102 1038 3185 τάτην.

263 3208 334 3271 VII.
358 3210 410 3271 43.
434 3211 463 3270 2.
498 3208 705 3291 παρασκευὴν
736 3209 939 3290 τοξευμάτων
972 3209 1220 3290 (μοχλευμάτων
1253 3208 1402 3292 Madvig).

178 3329 182 3337 ⁴
220 3300 247 3360 5.
272 3299 303 3367 ἒς
335 3297 370 3361 τὸ
402 3298 546 3380 πρόσθεν
576 3296 660 3379 vulg.
698 3299 730 3368 ἒς
761 3297 797 3361 τδ
829 3298 1014 3379 ἔμπροσθεν
1038 3297 1074 3360 G.
1113 3299 1146 3367 ές
1177 3298 1403 3379 τοῦμπροσθεν

173 3387 324 3451 Badham.
395 3386 518 3472 [ὅπως]
543 3425 585 3432 -
608 3386 653 3470 μὴ
686 3386 816 3469 βραδεῖς
848 3387 999 3468 γένωνται
1030 3386 1123 3450 idern.
1191 3385 1226 3448 τὸ
1256 3385 1320 3449 ἀπὸ
1348 3393 1404 3470 τής

173 3478 303 3559 πρώτης
325 3476 359 3559 (f.
379 3483 433 3559 τής
449 3476 565 3560 ἀρχῆς)
588 3475 833 3558 παρατείχισμα]
856 3475 881 3539 Ι.
898 3493 923 3538 e.
947 3476 1105 3558 primam
1130 3474 1227 3537 muri
1251 3474 1402 3537 adversi

173 3570 325 3648 partem.
393 3572 448 3629 τοῦ
472 3563 691 3649 περαίνεσθαι]
715 3573 761 3647 τηῖ
783 3565 988 3647 περαίνεσθαι
1011 3563 1169 3646 (βραδεῖς,
1193 3563 1402 3628 coll.1V.34.

172 3655 389 3738 βραδυτέρους
411 3661 456 3737 τῷ
482 3654 670 3737 ἀμύνεσθαι)
693 3657 773 3738 conj.
790 3653 952 3718 Linwecd.
1022 3653 1050 3715 6.
1074 3653 1234 3737 ἀδοκήτου
1253 3659 1310 3716 τοῦ
1333 3653 1401 3716 τολ-

176 3745 340 3828 μήματος]
365 3744 422 3822 QU.
447 3744 692 3828 ἀπροσδοκήτου
717 3781 772 3806 -.

264 3850 335 3915 VII.
360 3853 411 3915 44.
436 3853 464 3913 2.
488 3858 544 3915 τοῦ
568 3852 685 3915 οἰκείου
709 3850 921 3933 ἀπιστεῖσθαι]
944 3856 1000 3913 τοῦ
1024 3851 1142 3913 οἰκείου
1162 3850 1404 3932 ἀποστερεῖσθαι

176 3939 326 4002 Badham.
401 3943 428 4003 3.
453 3940 658 4024 ἀναβεβήκει]
687 3941 755 4003 Imo
784 3941 982 4023 ἀνεβεβήκει,
1012 3943 1047 4002 ut
1074 3941 1109 4002 in
1134 3941 1171 4000 A.
1195 3939 1231 4002 E.
1254 3937 1287 4001 F.
1326 3938 1404 4000 Mox

174 4030 348 4112 προσανήει
364 4023 541 4118 imperfecti
556 4049 665 4111 sensu,
682 4029 893 4092 accedebat.
956 4028 984 4090 6.
1001 4029 1165 4110 κρείσσους
1181 4027 1283 4110 ὄντες]
1300 4028 1402 4108 κρείσ-

175 4142 263 4182 σοσιν
291 4117 360 4183 οὖσι
383 4119 534 4184 Badham.
626 4118 793 4200 διέφευγον
825 4120 878 4201 (sc.
902 4117 1019 4199 hostes)
1052 4115 1167 4186 αὐτοὺς
1194 4118 1247 4180 ὅτε
1274 4117 1404 4180 ἐκείνων

174 4208 445 4290 (Atheniensium)
469 4209 667 4291 antecaperet
689 4206 724 4269 τὸ
748 4207 907 4290 ξύνθημα.
977 4209 1005 4268 2.
1029 4209 1048 4287 ἢ
1073 4206 1156 4288 μόνη
1183 4206 1228 4289 δή
1247 4243 1287 4250 -
1313 4206 1347 4268 έν
1370 4229 1404 4288 γε

176 4301 222 4378 (γε
246 4317 305 4360 om.
324 4298 361 4360 A.
377 4297 415 4361 Ι).
432 4297 467 4360 Ε.
484 4299 516 4362 F.
535 4298 570 4361 G.
593 4298 663 4360 fort.
688 4298 782 4377 recte)
813 4296 896 4378 τῷδε
918 4303 965 4378 τῷ
987 4296 1119 4377 πολέμῳ
1143 4295 1271 4376 ἐγένετο.
1333 4300 1405 4364 ’πῶς

175 4387 214 4450 ἀν
245 4411 290 4457 τις
322 4392 437 4469 σαφῶς
467 4412 493 4450 τι
525 4387 595 4470 ᾔδει
618 4386 698 4469 (ήδει
721 4385 757 4448 Β.
781 4383 819 4448 D.
851 4385 922 4467 lege
946 4384 1080 4467 ἐίδείλλῐ
1113 4407 1115 4412 ’
1150 4386 1177 4446 3.
1202 4383 1403 4466 ἀναβεβήκει]

175 4475 259 4559 Lege
283 4476 475 4560 ἀνεβεβήκει.
550 4479 578 4540 8.
603 4473 777 4558 ῥίπτοντες]
802 4476 981 4558 ῥιπτοῦντες
1004 4473 1040 4536 Β.
1078 4472 1224 4537 Fortasse
1248 4479 1341 4537 recte.
1374 4528 1378 4536 .
