3510 5338
417 406 460 484 50
936 419 1122 482 hnhcimhh's

416 602 552 665 archons
574 600 609 664 in
633 619 697 683 any
720 599 810 682 place
833 619 868 662 or
884 597 954 662 who
977 598 1060 661 from
1077 597 1210 680 holding
1225 616 1288 679 any
1305 597 1396 661 other
1419 595 1510 662 office
1533 587 1647 662 served

416 711 451 755 as
474 711 492 753 a
515 691 605 754 mark
627 690 677 752 for
700 692 770 772 past
792 690 921 754 events!
945 686 1069 769 (Linw.)
1107 687 1156 750 Ita
1178 687 1336 767 Badham‚
1363 686 1417 750 καί
1443 687 1489 770 μὴ
1513 695 1559 768 τῷ
1581 693 1646 750 τῶν

378 815 381 819 .
416 781 594 863 ἑκασταχοῦ
618 778 783 861 ἀρχόντων
805 780 825 860 ἢ
850 775 915 839 ἀπὸ
937 783 1029 859 τιμῆς
1051 800 1133 846 τινος
1149 776 1338 858 ὀνομαστῶν
1356 776 1412 860 τὴν
1428 777 1647 859 ἀπαρίθμησιν

417 871 450 940 ἐς
476 869 513 931 τὰ
542 867 798 951 προγεγενημένα
827 866 1010 949 σημαίνοντι
1037 865 1203 935 πιστεύσας
1229 865 1358 948 μᾶλλον.
1427 866 1483 948 τὴν
1506 866 1646 947 ἀπαρίθ-

416 983 513 1042 μησιν
536 963 600 1021 τῶν
624 957 793 1039 ὀνομάτων
816 955 1021 1038 (ἐνιαυτῶνέ).
1090 953 1247 1019 Construc
1271 955 1395 1037 εὑρήσει
1411 955 1563 1037 ἑκατέρου
1580 955 1646 1035 (θέ-

1725 689 1727 726 ί

417 1071 495 1131 ρους
517 1046 571 1111 καλ
593 1045 768 1128 χειμῶνος]
796 1046 924 1127 ἔχοντος
952 1045 988 1117 ἐξ
1015 1043 1158 1126 ἡμισείας
1180 1043 1236 1126 τὴν
1261 1043 1395 1126 δύναμιν
1413 1049 1469 1107 τοῦ
1494 1045 1646 1106 ἐνιαυτοῦ.
1726 1109 1727 1112 ¹

463 1138 491 1201 3.
515 1137 667 1218 ἑκατέρου
691 1141 747 1198 τοῦ
772 1132 933 1217 ἐνιαυτοῦ]
963 1131 1144 1198 Delendum
1171 1134 1278 1196 forsan
1299 1139 1364 1196 τοῦ.
1404 1133 1522 1215 Redde,
1556 1133 1648 1195 ‘each
1726 1197 1727 1220 χ

417 1226 537 1309 having
561 1226 615 1288 the
638 1224 732 1288 τοῦτο
756 1224 827 1287 osa
850 1241 927 1303 year
948 1221 993 1305 by
1018 1221 1084 1284 half
1103 1223 1133 1304 (i.
1158 1241 1183 1286 ο.
1208 1220 1242 1284 of
1262 1221 1328 1284 half
1350 1242 1368 1284 a
1391 1221 1498 1303 year).'

508 1332 546 1395 V.
572 1333 622 1394 21.
647 1333 676 1394 2.
700 1329 964 1413 κατειλημμένος]
988 1329 1257 1412 κατειλημμένους
1272 1328 1391 1412 Poppo.
1415 1329 1647 1412 κατειλημμένα
1726 1267 1727 1292 ¹

419 1422 510 1485 malit
532 1420 699 1500 Linwc0d‚
723 1419 792 1483 coll.
809 1419 849 1483 ΙΙ.
869 1419 918 1481 10.
942 1420 1050 1501 ἑτοῖμα
1074 1419 1217 1500 γίγνοιτο.
1241 1418 1265 1481 Ι.
1290 1419 1319 1481 8.
1342 1418 1556 1502 πλωϊμώτερα
1582 1418 1647 1499 ἐγέ-
1726 1445 1727 1462 .

419 1535 498 1574 νετο.
521 1509 577 1573 IV.
603 1509 653 1572 20.
686 1510 728 1572 ἐτι
756 1507 786 1571 δ’
813 1509 916 1572 ὄντων
943 1509 1090 1591 ἀκρίτων.
1157 1507 1291 1589 μάλιστα
1317 1506 1378 1590 μὲν
1400 1507 1454 1570 καλ
1477 1507 1591 1590 (dcii)
1615 1506 1648 1570 τὸ

419 1600 540 1683 χωρίον
561 1598 776 1681 παραδοῦναι,
800 1602 858 1662 etc.

509 1705 547 1772 V.
572 1707 623 1768 22.
650 1707 676 1769 l.
701 1705 761 1768 οῦκ
785 1705 908 1785 ἔφασαν
925 1703 1077 1776 δέξασθαι
1093 1703 1252 1783 (δέξεσθαι
1273 1708 1357 1767 recte
1373 1703 1492 1785 Cobet.)
1561 1699 1650 1766 οῦτοὶ

420 1797 531 1879 ἔτυχον
564 1793 667 1878 ὄντες]
699 1793 754 1857 καί
776 1793 870 1856 αύτολ-
889 1828 930 1838 -
954 1795 1035 1876 conj.
1059 1793 1180 1877 Pcppc,
1213 1793 1284 1857 coll.
1308 1792 1363 1856 VI.
1389 1793 1439 1856 50.
1472 1793 1649 1875 προσέθετο

419 1885 473 1949 καί
496 1883 592 1954 αῦτδς
615 1883 680 1967 (καλ
703 1903 764 1947 cm.
780 1883 816 1946 B.
832 1881 868 1944 E.
885 1883 918 1946 F.
935 1881 983 1963 G.)
1007 1887 1065 1946 etc.
1103 1882 1207 1946 Recte.
1282 1884 1311 1945 2.
1334 1883 1515 1965 νομίζοντες
1538 1883 1649 1965 ἥκιστα
1726 1889 1727 1942 1

421 1978 460 2038 ἂν
488 1975 574 2056 σφίσι
600 1973 674 2044 τούς
701 1996 733 2036 τε
756 1969 932 2054 Ἀργείους]
966 1970 1160 2035 ἐπιτίθεσθαι
1193 1971 1319 2054 supplet
1342 1970 1480 2054 Madvig.
1520 1969 1650 2034 Adden-

422 2065 498 2127 dum
531 2062 658 2126 videtur
690 2061 836 2143 ἐνοχλεῖν,
868 2061 1039 2142 πράγματα
1062 2061 1219 2144 παρέχειν,
1252 2060 1408 2144 πολεμεῖν,
1442 2065 1498 2124 aut
1529 2060 1650 2143 aliquid

422 2153 534 2216 simile.
573 2151 748 2215 Scholiasta
778 2152 961 2232 νομίσαντες
988 2150 1028 2215 ad
1055 2149 1193 2233 Argivos
1225 2155 1310 2214 recte
1339 2151 1443 2214 refert.
1483 2147 1651 2213 Structura

422 2242 566 2305 involuta
594 2244 625 2304 et
652 2259 718 2303 non
746 2245 891 2304 accurate
918 2240 1061 2303 formata.
1135 2238 1329 2322 [νομίσαντες
1357 2236 1489 2322 αὐτοὺς]
1519 2243 1551 2304 ct
1580 2236 1650 2324 [οὐ]

423 2329 545 2439 δεινούς
567 2329 673 2394 Herw.
741 2328 823 2412 πρὸς
846 2327 907 2410 γὰρ
931 2331 970 2391 ἂν
993 2327 1066 2398 τοὺς
1085 2329 1288 2411 Ἀθηναίους,
1313 2329 1342 2392 εἶ
1363 2330 1437 2412 ἐξῆν
1460 2329 1501 2410 (εί
1521 2329 1650 2410 ἐξείηλ]

444 2443 472 2484 ω
494 2443 546 2483 ειν.
661 2477 663 2480 .

422 2445 442 2503 χ
474 2443 493 2504 ρ
512 2524 551 2588 V.
568 2528 618 2589 23.
636 2526 664 2588 2.
687 2524 798 2608 τρόπῳ
821 2524 925 2607 ὁποίῳ
948 2525 1020 2607 (οἵῳ
1044 2525 1091 2607 G.)
1114 2526 1153 2588 ἂν
1177 2524 1332 2589 δύνωνται
1355 2525 1561 2608 ἰσχυροτάτῳ.
1585 2524 1610 2587 Ι.
1627 2544 1650 2588 e.

425 2617 517 2687 ὅπως
548 2618 587 2679 ἃν
620 2615 775 2679 δύνωνται
808 2614 1003 2698 ἰσχυρότατα.
1080 2613 1346 2697 Λακεδαιμονίοις
1377 2615 1431 2677 καὶ
1458 2613 1650 2697 Ἀθηναίοις]
1725 2639 1726 2646 “

424 2705 482 2782 QU.
501 2704 570 2769 Ἀθ.
586 2701 640 2768 καί
655 2702 738 2767 Λακ.
808 2705 836 2766 5.
853 2705 873 2766 ὅ
895 2728 922 2765 τι
945 2705 984 2766 ἂν
1008 2703 1090 2787 δοκῇ
1111 2705 1247 2787 εὔορκον
1263 2705 1457 2786 ἀμφοτέροις
1473 2702 1568 2787 εἶναι]
1593 2704 1651 2766 ὅτι
1725 2709 1726 2718 ’

424 2798 464 2860 ἂν
498 2795 580 2878 δοκῇ
609 2795 802 2876 ἀμφοτέροις
834 2793 970 2876 εῦορκον
998 2792 1075 2856 εἶναι
1097 2792 1218 2876 Hem,
1249 2794 1318 2857 coll.
1343 2813 1368 2857 c.
1395 2793 1435 2856 18
1452 2794 1471 2854 f.
1496 2798 1528 2856 ct
1550 2812 1577 2857 c.
1603 2794 1651 2856 29.

424 2890 457 2949 et
479 2884 601 2961 Cobet..
625 2883 694 2946 coll.
718 2882 801 2946 Xon.
825 2881 908 2946 Hell.
932 2882 986 2945 VI.
1012 2884 1040 2945 3.
1066 2883 1115 2952 18.
1139 2882 1193 2945 τδν
1215 2882 1275 2964 μέν
1297 2881 1496 2966 βουλόμενον
1518 2882 1652 2965 βοηθεῖν

423 2980 490 3044 ταῖς
512 2973 737 3054 ἀδικουμέναις
759 2970 880 3044 πόλεσι,
912 2979 958 3053 τῷ
990 2971 1024 3034 δὲ
1055 2971 1101 3054 μὴ
1134 2971 1323 3055 βουλομένῳ
1345 2972 1391 3054 μὴ
1415 2970 1493 3035 εῖναι
1516 2973 1652 3054 εὔορκον
1725 2975 1726 3014 ἲ

425 3068 603 3146 συμμαχεῖν
625 3067 689 3130 τοῖς
711 3060 940 3142 ἀδικουμένοις.

516 3167 553 3229 V.
571 3169 622 3230 25.
640 3167 668 3230 3.
693 3166 744 3230 ἐπί
766 3169 802 3240 ἐξ
824 3169 875 3250 ἐτη
895 3204 936 3212 -
953 3167 1127 3249 ἀπέσχοντο
1149 3166 1195 3251 μὴ
1219 3168 1255 3250 (l.
1277 3167 1313 3231 τδ
1327 3167 1386 3251 μὴ)
1409 3167 1459 3231 ἐπὶ
1474 3167 1531 3251 τὴν
1547 3168 1650 3231 ἑκατὲ-
1725 3199 1726 3220 1

426 3281 495 3342 ρων
517 3257 629 3339 χώραν
653 3263 842 3339 στρατεῦσαι.
882 3253 926 3319 Of.
949 3255 1007 3320 III.
1035 3259 1060 3318 l.
1092 3255 1146 3320 τὸν
1177 3257 1320 3320 πλεῖστον
1348 3258 1458 3340 ὅμιλον
1485 3295 1525 3304 -
1550 3256 1652 3340 είργον

426 3346 461 3411 τὸ
483 3346 528 3430 μὴ
554 3383 596 3392 -
620 3345 818 3428 κακουργεῖν.
841 3346 920 3410 Plat.
942 3343 1036 3428 Resp.
1060 3345 1084 3409 I.
1109 3347 1173 3408 354
1189 3345 1227 3408 D.
1256 3347 1316 3409 οῦκ
1340 3347 1526 3430 ἀπεσχόμην
1549 3347 1585 3410 τὸ
1607 3346 1650 3428 μὴ

427 3438 488 3501 οῦκ
512 3436 675 3500 ἐπὶτοῦτο
699 3435 810 3499 ἐλθεῖν.Ι
849 3433 977 3498 Scilicet
1000 3435 1160 3498 exciderat
1182 3434 1217 3497 τὸ
1241 3441 1312 3517 post
1334 3437 1437 3500 simile
1462 3473 1504 3483 -
1527 3460 1571 3499 το.

515 3526 553 3590 V.
571 3526 622 3589 26.
641 3525 668 3588 1.
691 3526 747 3608 τήν
762 3549 794 3588 τε
810 3524 913 3607 ἀρχὴν
927 3525 1108 3587 κατέπαυσα
1125 3529 1189 3588 τῶν
1204 3524 1234 3607 (l.
1250 3524 1317 3607 τὴν)
1328 3525 1518 3607 Ἀθηναίων.
1543 3525 1588 3588 Of.
1603 3527 1651 3586 23.

426 3617 466 3699 ἢν
490 3616 525 3679 δέ
556 3639 634 3686 τινες
663 3616 754 3677 ’ἴωσιν
786 3617 820 3684 ἐς
849 3614 906 3696 τὴν
939 3619 997 3695 γῆν
1020 3650 1063 3658 -
1086 3619 1150 3677 τῶν
1178 3614 1599 3697 (1.τὴν)Λακεδαιμονίων.
1623 3619 1653 3675 et

428 3705 467 3769 ad
491 3706 543 3767 44.
567 3710 623 3768 etc.
708 3704 736 3765 2.
773 3701 932 3786 διῄρηται]
970 3701 1015 3765 Oi.
1043 3703 1160 3768 Herod.
1185 3702 1257 3766 VII.
1286 3705 1337 3766 47.
1369 3705 1396 3766 1.
1430 3702 1501 3766 VH.
1528 3704 1599 3766 103.
1624 3705 1651 3764 2.

474 3795 502 3856 3.
527 3791 678 3876 δεκαετεῖ]
704 3793 840 3856 δεκαέτει
863 3791 899 3854 Β.
938 3791 1047 3876 Recte,
1071 3793 1193 3876 opinor.

435 3901 438 3908 '
491 3905 493 3912 ’
517 3898 556 3963 V.
581 3900 631 3961 27.
658 3899 800 3981 1.οἵπερ
832 3899 1082 3982 παρεκλήθησαν
1115 3901 1147 3970 ἐς
1178 3899 1257 3962 αύτά
1282 3899 1441 3982 (οῦτάςλ).
1511 3902 1539 3962 2.
1563 3900 1652 3968 δίκας

429 3991 555 4059 ἴσας-
573 3986 771 4071 δίδωσι]λ
733 3986 778 4050 cf.
806 3989 920 4052 Aesch
949 3987 1055 4072 Suppl.
1081 3989 1204 4062 701oe
1187 3988 1347 4062 ξένοισίτ’
1371 3989 1588 4073 εὐξυμβόλους
1610 4027 1651 4036 -

431 4079 520 4150 δίκας
542 4079 615 4161 ἄτερ
638 4077 795 4160 πημάτων
819 4078 941 4141 διδοῖεν.

518 4166 557 4230 V.
582 4166 633 4232 28.
658 4167 686 4230 3
710 4167 749 4230 οῦ
773 4167 984 4275 ξυναράμεναι
1014 4173 1071 4230 τοῦ
1098 4166 1238 4230 Ἀττικοῦ
1266 4166 1420 4274 πολέμου]
1454 4168 1500 4232 cf.
1524 4166 1643 4271 IV.10

430 4259 461 4322 οῖ
483 4257 697 4340 ξυναράμεναι
718 4255 812 4320 τοῦδε
833 4262 889 4320 τοῦ
894 4257 1070 4320 κινδύνου.
1143 4267 1147 4273 ’

519 4347 558 4410 V.
583 4346 677 4408 29.1
660 4347 742 4409 1.οῖ
765 4346 927 4428 ξύμμαχοι
956 4344 1149 4430 [αὐτῶν]-
1174 4351 1237 4415 τοῖς
1260 4345 1321 4429 γὰρ
1344 4344 1535 4410 Μαντινεῦσι
1556 4347 1654 4428 μέρος

429 4461 456 4500 τι
478 4442 534 4520 τῆς
551 4434 721 4519 Ἀρκαδίας
748 4436 960 4516 κατέστραπτο
989 4433 1161 4519 [ἐπήκοον]
1184 4435 1290 4499 Hcrw.
1359 4431 1387 4497 2.
1416 4435 1463 4505 ὡς
1490 4436 1543 4498 καί
1569 4436 1654 4517 σφίσι

430 4526 577 4609 ποιητέον
599 4525 675 4608 (imo
698 4525 844 4607 ποιητέον
867 4524 916 4607 ὂν)
937 4528 1038 4588 τοῦτο.
