3576 5340
745 484 929 552 τοτοτοωσε
1427 485 1447 550 3

311 666 335 732 Ι.
361 668 389 736 9.
414 669 442 730 1.
475 667 506 731 οῐ
535 665 573 731 τά
597 667 774 750 σαφέστατα
800 664 1127 750 Πελοποννησίων-
1145 663 1342 750 δεδεγμένοι]
1375 664 1450 730 Imi-

224 762 307 821 tatur
338 757 400 821 Dio
433 756 517 822 Coss.
549 757 599 822 Fr.
631 756 699 820 Lib.
723 757 748 820 Ι.
780 755 858 839 φασί
891 755 926 819 δέ
958 757 989 819 ot
1019 754 1055 818 τά
1089 756 1265 839 σαφέστατα
1299 755 1451 839 Σαβίνων

223 847 346 917 εἰδότες.
415 849 444 910 2.
477 845 644 930 ἐπηλύτην]
681 847 801 929 ἔπηλυν
837 849 922 916 recto
954 843 1051 908 Stahl.
1083 844 1291 909 Horwerdon.
1330 841 1450 908 Eadem

223 937 324 999 forma
354 937 552 1001 restituenda
583 940 631 1000 est
661 934 746 1000 Xon.
770 934 887 999 Oecon.
915 932 974 996 XI.
1003 935 1033 996 4.
1076 934 1187 999 Altera
1222 935 1326 997 forma
1359 933 1451 997 valdo

222 1026 345 1089 novitia
368 1030 423 1090 est.
492 1028 521 1090 3.
553 1033 693 1108 ναυτικῷ
715 1024 769 1110 [τε]
794 1022 991 1106 Donaldson‚
1024 1023 1078 1106 oui
1109 1047 1141 1086 τε
1173 1028 1278 1087 ortum
1311 1041 1352 1088 ox
1385 1043 1449 1106 seq.

223 1115 316 1179 ναυσί
335 1139 368 1178 τε
390 1115 525 1179 videtur.
592 1114 646 1179 καί
672 1121 811 1196 ναυτικῷ
833 1137 865 1176 τε
888 1111 947 1196 -]
980 1112 1034 1176 καί
1065 1121 1205 1196 ναυτικῷ
1238 1112 1272 1177 δὲ
1296 1111 1450 1177 Linwood

223 1225 252 1288 p.
274 1206 324 1268 39.
364 1202 422 1280 Qu.
445 1205 499 1268 καί
525 1210 665 1287 ναυτικῷ
687 1204 790 1287 (utin
815 1201 863 1283 G.)
886 1238 943 1276 ——‚
976 1206 1030 1265 aut
1061 1210 1201 1286 ναυτικῷ
1231 1225 1263 1266 τε
1287 1239 1342 1264 -.
1410 1203 1450 1265 οδ

222 1294 323 1377 χάριτι
353 1293 389 1358 τδ
416 1294 523 1358 πλεῖον
550 1293 588 1378 (Ι.
610 1293 725 1375 πλέον).
793 1291 847 1356 καί
869 1291 999 1374 Ἀρκάσι
1027 1291 1289 1375 προσπαρασχὼν
1316 1291 1365 1376 (2)
1387 1290 1450 1355 κτλ.

267 1384 315 1453 ὡς
335 1382 483 1467 Ὅμηρος
508 1389 600 1447 τοῦτο
624 1382 737 1464 (doti)
761 1381 951 1466 δεδήλωκεν,
974 1383 1006 1444 εἴ
1022 1405 1068 1463 τῳ
1091 1383 1134 1462 (εἴ
1150 1381 1227 1461 τιςΡ)
1250 1380 1359 1450 ἱκανὸς
1381 1403 1449 1444 τεκ-

222 1477 390 1556 μηριῶσαι.
430 1471 488 1548 Qu.
512 1473 572 1537 οὐκ
595 1474 636 1535 ἂν
658 1471 758 1553 ὀλίγαι
781 1472 896 1554 εἴησαν.
936 1470 1010 1534 Vox
1037 1470 1150 1534 πολλαί
1177 1470 1334 1555 glossema
1362 1470 1451 1553 sapit.

268 1560 358 1626 αὗται
382 1561 417 1626 δὲ
440 1563 500 1626 οὐκ
524 1564 564 1625 ἂν
586 1561 699 1625 πολλαί
721 1562 828 1643 εἴησαν
851 1559 945 1643 (ἦσαν
960 1559 993 1622 F.
1009 1579 1054 1644 pr.
1070 1559 1139 1623 fort.
1164 1560 1203 1623 οὗ
1226 1559 1338 1623 πολλοὶ
1357 1558 1450 1642 ἧσαι).

313 1651 338 1715 Ι.
364 1652 414 1714 10.
431 1654 460 1714 2.
482 1656 548 1715 τῶν
570 1652 660 1714 πέντε
682 1648 737 1720 τὰς
760 1650 820 1713 δύο
842 1651 958 1731 μοίρας
980 1648 1141 1732 νέμονται]
1168 1647 1213 1711 Of.
1237 1650 1334 1713 Arist.
1357 1649 1450 1712 Polit.

226 1740 267 1803 ΙΙ.
292 1740 321 1802 6.
354 1741 415 1804 ἔστι
448 1739 483 1804 δὲ
514 1740 568 1804 καὶ
599 1745 663 1803 τῶν
695 1742 857 1821 γυναικῶν
888 1736 1002 1820 σχεδδν
1033 1743 1088 1820 τῆς
1114 1739 1219 1821 πάσης
1250 1739 1360 1821 χώρας
1387 1743 1452 1801 τῶν

226 1830 317 1892 πέντε
343 1834 454 1912 μερῶν
481 1828 517 1893 τὰ
548 1829 615 1892 δύο.
655 1829 757 1905 Quem
788 1829 895 1892 locum
923 1828 1071 1910 apposuit
1098 1825 1243 1890 Cobetus.
1311 1826 1365 1890 καί
1387 1833 1452 1891 τῶν

225 1919 289 1992 ἔξω
313 1918 515 2003 [ξυμμάχων]
544 1918 672 1982 πολλῶν
695 1917 802 1982 Cobet.
872 1918 900 1979 3.
928 1915 1062 1999 φαίνοιτ’
1091 1917 1131 1979 ἂν
1157 1913 1368 2000 δποδεστέρα]
1402 1915 1450 1979 So.

111 2063 113 2067 .
225 2008 367 2090 ἡπόλις.
434 2012 463 2070 4.
486 2009 543 2091 τήν
566 2006 721 2091 στρατιάν]
750 2009 803 2070 An
825 2005 882 2090 τὴν
904 2005 1085 2088 στρατείανλ
1123 2005 1201 2069 Mox
1222 2007 1371 2089 μεγίστην
1391 2006 1452 2089 μέν

226 2098 371 2180 γενέσθαι
394 2102 459 2161 τῶν
480 2096 546 2180 πρδ
569 2098 665 2182 αὑτῆς
689 2096 832 2180 (αὐτῆςΡ)
872 2093 916 2159 of.
939 2095 964 2158 Ι.
989 2097 1018 2158 9.
1041 2094 1097 2178 τήν
1120 2095 1280 2178 στρατείαν
1298 2098 1450 2169 -ξυνα-

225 2188 341 2269 γαγών.
365 2186 440 2251 ibid.
463 2188 558 2270 ταύτῃ
582 2193 619 2271 τῇ
642 2187 792 2270 στρατείᾳ.
863 2186 890 2248 7.
909 2185 992 2269 πρὸς
1014 2184 1068 2255 τὰς
1082 2186 1229 2267 μεγίστας
1245 2186 1273 2248 δ’
1290 2183 1348 2249 οὗν
1363 2187 1452 2267 (γοῦν

227 2276 363 2346 Bekkori
386 2276 476 2339 codd.
500 2296 551 2358 qu.
575 2276 601 2338 τ’
626 2274 694 2356 οὖν)
717 2276 771 2339 καὶ
793 2275 954 2357 ἐλαχίστας
977 2311 1019 2320 -
1044 2281 1215 2339 σκοποῦντι
1238 2280 1295 2340 oto,

313 2365 338 2429 Ι.
364 2367 458 2429 11.1.
483 2365 590 2449 ἐπειδὴ
615 2365 650 2429 δέ
665 2365 804 2430 Bekkori
820 2364 910 2428 codd.
934 2363 1041 2447 ἐπειδή
1065 2389 1097 2428 τε
1111 2364 1247 2429 Bokker.
1285 2363 1362 2428 Mox
1377 2365 1450 2447 φαί-

226 2479 331 2518 νονται
355 2453 384 2517 δ’
409 2454 512 2535 ((1612)
535 2459 592 2518 eto.
662 2456 690 2517 1.
713 2456 877 2537 φαίνονται
901 2454 929 2517 δ’
952 2454 983 2536 (Ι.
1008 2453 1059 2536 δή)
1083 2453 1153 2517 οὐδ’
1177 2455 1315 2518 ἐνταῦθα
1340 2460 1397 2518 otc.

313 2543 338 2605 Ι.
363 2544 414 2605 12.
440 2544 467 2605 1.
490 2542 547 2626 ἀφ’
571 2541 619 2607 ὧν
642 2544 840 2615 ἐκπίπτοντες
867 2542 922 2613 τὰς
944 2542 1050 2613 πόλεις
1077 2544 1161 2625 (νέας
1182 2544 1288 2614 πόλεις
1311 2543 1452 2628 Madvig)

227 2633 356 2706 ἔκτιζον.
395 2631 453 2707 Qu.
476 2632 533 2715 ὑφ’
556 2629 605 2696 ὧν
627 2670 684 2697 -.

313 2721 338 2783 Ι.
364 2723 413 2785 13.
440 2723 471 2784 2.
493 2721 548 2785 καί
570 2722 703 2805 τριήρεις
725 2726 854 2803 πρῶτον
877 2721 911 2784 ἐν
933 2720 1091 2804 Κορίνθῳ
1114 2722 1163 2802 (ἐν
1181 2720 1338 2805 Κορίνθῳ
1360 2727 1451 2805 πρῶ-

225 2835 279 2874 τον
311 2810 410 2875 codex
443 2815 504 2896 opt.
529 2810 565 2874 G.
598 2812 705 2876 nescio
740 2831 780 2874 an
804 2812 899 2887 recto)
932 2817 987 2894 τῆς
1014 2809 1166 2882 Ἑλλάδος
1198 2812 1451 2896 ναυπηγηθῆναι.

269 2902 299 2963 4.
323 2901 429 2984 ἐπειδή
445 2925 478 2964 τε
493 2900 680 2984 οῑἝλληνες
697 2901 820 2985 μᾶλλον
834 2900 997 2976 ἐπλώϊζον,
1021 2899 1077 2971 τὰς
1093 2907 1172 2972 ναῦς
1194 2903 1451 2986 κτησάμενοι-.

225 2989 283 3066 Qu.
307 2990 374 3054 ἐπεί
398 2991 499 3054 δὲ-
522 2989 715 3066 ἐπλωΐζοντο
737 2992 794 3075 (sio
817 2990 877 3074 B),
901 2996 979 3061 ναῦς
1001 2991 1193 3074 κτησάμενοι
1212 3028 1268 3055 -.
1337 2992 1450 3056 ε’πλώϊ-

226 3082 290 3153 ζον,
313 3080 369 3151 τάς
392 3080 485 3165 ναῦς]
509 3080 799 3155 ἐπλωίζοντο-Β.
825 3077 883 3156 Qu.
899 3080 1101 3156 ἐπλωίζοντο,
1117 3087 1203 3151 ναῦς.
1272 3081 1450 3166 ἀμφότερα]

226 3169 274 3232 ol.
299 3169 475 3253 ἀμφότεροι
515 3169 564 3235 No
587 3169 754 3253 ἀμφοτέρα
778 3170 1001 3253 corrigendum
1025 3188 1169 3253 consono,
1193 3171 1232 3234 of.
1258 3172 1329 3234 100.
1356 3173 1428 3234 112.

314 3259 338 3321 Ι.
365 3260 414 3321 15.
440 3261 467 3322 1.
492 3260 522 3322 ολ
543 3259 737 3342 προσχόντες
752 3259 836 3342 vulg.
861 3260 891 3321 οἱ
913 3260 1107 3342 προῦχοντες
1123 3258 1228 3325 Cobet.
1297 3262 1328 3324 οί
1349 3283 1449 3343 προσ-

226 3345 333 3428 χόντες
357 3348 414 3426 (sio
430 3348 468 3409 A.
486 3347 583 3410 Beki.
607 3349 815 3430 προσέχοντες
829 3351 915 3411 recto
930 3347 966 3411 E.
989 3349 1182 3432 προσχόντες
1205 3350 1314 3431 ceteri)
1336 3351 1450 3420 αὐτοῖς.

272 3436 300 3497 3.
324 3436 563 3520 ξυνεστήκεσαν]
590 3435 659 3499 Imo
685 3437 931 3518 ξυνειστήκεσαν.
1021 3437 1089 3500 κατ’
1113 3438 1324 3521 ἀλλήλους-
1341 3439 1450 3502 ἐπολέ-

224 3524 320 3608 μουν]
344 3524 427 3609 πρὸς
449 3525 604 3609 ἀλλήλους
628 3564 669 3573 -
695 3524 802 3590 Cobet.

313 3615 337 3678 Ι.
364 3616 413 3678 16.
437 3615 570 3698 Δαρεῖος
593 3615 628 3679 δὲ
653 3653 694 3663 -
717 3615 865 3697 τύραννοι
888 3614 923 3678 δὲ
947 3614 1006 3700 -]
1040 3613 1098 3690 Qu.
1122 3615 1255 3699 Δαρεῖός
1277 3641 1309 3680 τε
1336 3617 1394 3700 (sio
1417 3615 1450 3680 G.

225 3703 259 3766 Ε.
284 3705 315 3785 i.)
339 3741 382 3751 -
404 3705 555 3788 τύραννοί
574 3730 606 3769 τε
628 3707 686 3788 (sio
709 3705 742 3769 (λ.
765 3705 796 3788 Ι.)
821 3741 876 3767 -.

312 3795 336 3857 Ι.
363 3796 412 3858 17.
438 3797 465 3858 1.
489 3796 636 3879 ἐπράχθη
660 3820 692 3860 τε
714 3794 770 3858 ἀπ’
794 3796 859 3878 (ὑπ’
876 3793 994 3879 Cobet.)
1018 3797 1124 3861 αὐτῶν
1143 3795 1237 3860 οὐδὲν
1252 3797 1347 3879 ἔργον
1363 3796 1449 3870 ἄξιά-

223 3885 319 3966 λογον
347 3885 376 3947 εἷ
399 3884 444 3967 μή
474 3886 506 3948 εί
526 3910 552 3948 τι
581 3887 625 3966 (εἶ
648 3887 694 3970 μή
721 3909 749 3948 τι
771 3884 807 3948 Β.
831 3883 867 3946 Ε.
892 3885 927 3949 G.
951 3888 1051 3969 recto)
1079 3885 1161 3970 πρὸς
1187 3888 1369 3970 περιοίκους
1392 3893 1449 3951 oto.

269 3977 297 4037 2.
322 3974 352 4036 σί
375 3973 435 4055 γὰρ
459 3975 492 4036 ἒν
515 3974 644 4057 Σικελίᾳ
667 3975 887 4038 ἐπίπλεῖστον
910 3976 1078 4059 ἐχώρησαν
1101 3979 1177 4056 (imo
1200 3977 1450 4059 προυχώρησαν)

225 4062 401 4145 δυνάμεως.
440 4062 486 4126 of.
512 4064 561 4125 16.
587 4063 675 4127 Ἴωσι
706 4064 990 4147 προχωρησάντων
1017 4066 1067 4128 ἐπί
1093 4067 1175 4148 μέγα
1207 4070 1271 4130 τῶν
1299 4065 1449 4148 πραγμά-

222 4175 295 4216 των.
334 4150 442 4215 Verba
464 4153 496 4215 οί
518 4151 578 4234 γὰρ
601 4153 636 4216 ἐν
657 4153 844 4236 Σικελίᾳ-
862 4154 1029 4237 δυνάμεως
1052 4161 1122 4238 post
1144 4154 1226 4238 πλὴν
1248 4159 1313 4219 τῶν
1336 4156 1370 4218 ἐν
1392 4155 1448 4217 Σι-

222 4242 310 4325 κελίᾳ
334 4243 370 4322 (ο.
396 4242 456 4317 18.)
480 4244 707 4326 transposuerit
728 4242 890 4306 Linwood.

312 4331 336 4394 I.
349 4333 398 4394 18.
412 4332 439 4395 1.
459 4332 490 4395 οῖ
503 4332 639 4395 πλεῖστοι
653 4332 708 4395 καί
722 4332 887 4396 τελευταῖοι
902 4333 1125 4416 (δυνατώτατοι
1141 4332 1192 4397 vol
1207 4332 1448 4417 ι’σχυρότατοιλ).

266 4424 295 4484 4.
320 4421 352 4491 ἐς
374 4419 429 4491 τάς
452 4426 530 4492 ναῦς
552 4421 714 4506 ἐμβάντες]
739 4423 884 4505 ἐσβάντες
900 4423 932 4486 O.
942 4423 963 4485 f.
1002 4422 1107 4488 Recto.
1147 4421 1191 4485 Of.
1202 4422 1226 4484 I.
1238 4425 1287 4485 74.
1305 4423 1450 4506 ἐσβάντες

223 4511 255 4580 ἐς
276 4511 331 4582 τὰς
354 4517 439 4580 ναῦς.
463 4510 572 4574 1167.
595 4512 670 4595 πρὶν
692 4514 852 4595 ἐσβαίνειν.
923 4516 950 4576 5.
971 4514 1102 4596 δυνάμει
1126 4512 1186 4595 γὰρ
1208 4518 1304 4575 ταῦτα
1319 4515 1448 4596 μέγιστα

224 4600 373 4684 διεφάνη]
407 4602 538 4683 δυνάμει
571 4600 631 4684 γὰρ
663 4607 758 4665 ταῦτα
790 4603 919 4685 μίγιστα
952 4603 991 4686 δή
1021 4603 1123 4686 ἐφάνη
1157 4603 1273 4686 optime
1296 4602 1448 4666 Badham.

1194 4711 1236 4774 1*
