3576 5340
343 445 363 507 2
864 457 1050 506 νευστοσισε

343 623 417 686 ὅντα
434 621 526 706 ὅμως
540 625 632 704 σχεῖν.
693 619 847 704 ἠδύνατο]
871 617 1071 704 legendum,
1089 618 1125 680 ni
1140 617 1245 699 fallor,
1261 617 1400 681 ἐδύνατο.
1463 618 1491 679 3.
1515 617 1569 680 ἀν-

341 712 469 776 τίπαλον
492 712 535 781 εἰς
565 712 601 773 ἓν
624 710 727 793 ὄνομα
759 707 1006 792 ἀποκεκρίσθω]
1040 707 1208 771 ἀντίπαλον
1235 707 1288 770 hic
1316 707 1474 789 ἐπίρρημα
1503 708 1571 770 sive

344 801 559 884 praedicatum
594 799 807 864 secundarum
845 817 914 864 esee
951 799 1113 865 existimat
1144 795 1344 879 Donaldson‚
1377 797 1447 858 coll.
1471 795 1572 860 Strab.

342 911 370 974 p.
396 890 469 955 370.
499 889 549 953 διὰ
577 888 612 952 τδ
639 888 724 972 μηδὲ
741 887 897 970 Ἕλληνάς
919 910 986 961 πω,
1019 885 1059 950 τὸ
1082 885 1301 959 ἀντίπαλον,
1334 886 1378 955 είς
1404 886 1439 948 ἓν
1466 886 1569 968 ὄνομα

343 979 584 1062 ἀποκεκρίσθαι.
613 982 644 1041 et
666 978 761 1041 Tbuo.
784 976 840 1040 VI.
865 978 916 1039 23.
945 977 984 1060 ήν
1008 975 1068 1058 γὰρ
1091 975 1239 1057 ἔλθωμεν
1267 975 1397 1038 ἐνθένδε
1418 974 1464 1057 μὴ
1489 975 1569 1037 ἀντί-

342 1069 444 1133 παλον
467 1065 618 1149 (adverb.)
645 1067 748 1150 μόνον
775 1066 1108 1150 παρασκευασάμενοι,
1137 1063 1214 1130 ἀλλὰ
1242 1063 1297 1127 καὶ
1323 1064 1571 1146 ὑπερβάλλοντες

342 1164 406 1229 τοῖς
429 1163 514 1222 πᾶσι.
554 1156 618 1221 Ubi
641 1162 748 1220 tomen
771 1157 904 1220 fortasse
928 1160 983 1218 aut
1005 1154 1166 1218 ἀντίπαλοι
1189 1158 1245 1218 aot
1268 1153 1445 1223 ἀντιπάλως
1467 1154 1515 1233 (ut
1537 1154 1571 1215 io

342 1247 431 1311 VIII.
456 1250 507 1311 87.
532 1250 561 1311 4.
585 1246 642 1309 ubi
666 1246 838 1332 opponitur
858 1244 1107 1327 ὑποδεεστέρως)
1134 1243 1360 1326 reponendum.
1398 1240 1571 1325 Receptam

343 1337 515 1402 lectionem
539 1335 635 1400 habet
658 1336 743 1399 idem
767 1335 879 1399 Strabo
903 1355 932 1418 p.
949 1334 1038 1396 661.:
1062 1333 1147 1396 unde
1169 1334 1204 1394 in
1227 1333 1325 1396 altero
1349 1331 1419 1396 loco
1442 1331 1570 1394 laudato

343 1427 537 1508 ejiciendum
569 1425 676 1488 forsan
709 1429 757 1489 est
783 1424 827 1488 τό.
865 1422 1051 1487 Eustothius
1083 1421 1314 1505 (ad11.11.p.
1340 1421 1429 1501 367.)
1461 1422 1505 1491 εἷς
1536 1423 1571 1483 ἓν

344 1516 448 1598 ὄνομα
481 1513 650 1578 ἀντίπαλον
682 1514 845 1578 construit.
935 1517 1102 1595 τεκμηριοῖ
1122 1511 1156 1574 δὲ
1178 1511 1311 1594 μάλιστα
1328 1509 1490 1594 Ὄμηρος]
1519 1512 1572 1573 An

342 1605 514 1687 τεκμήριον
533 1605 595 1666 —?
663 1605 693 1666 4.
717 1604 785 1666 Aut
807 1601 886 1666 κατὰ
902 1601 1008 1671 πόλεις
1030 1626 1062 1665 τε
1085 1600 1257 1664 delendum
1273 1604 1383 1664 censet
1396 1599 1571 1682 DobreeUS,

344 1699 399 1757 aut
421 1695 473 1757 sio·
491 1693 755 1776 construendum,
784 1694 815 1755 σί
838 1693 866 1755 δ’
890 1690 949 1755 οὗν
972 1692 1019 1761 ὡς
1046 1691 1174 1754 ἕκαστοί
1193 1714 1225 1753 τε
1252 1688 1332 1753 κατὰ
1355 1688 1473 1763 πόλεις,
1502 1689 1572 1751 ὅσοι

344 1783 489 1867 ἀλλήλων
505 1783 657 1856 ξυνίεσαν,
681 1781 735 1845 καὶ
750 1782 928 1866 ξύμπαντες
947 1781 1077 1862 ὕστερον
1092 1780 1261 1862 κληθέντες
1277 1778 1434 1861 Ἕλληνες.
1503 1778 1572 1841 ὅσοι

343 1872 487 1956 ἀλλήλων
511 1871 665 1955 ξυνίεσαν]
689 1871 756 1933 Vix
781 1891 903 1934 sanum.
943 1870 1003 1947 Qu.
1026 1869 1096 1934 ὅσοι
1120 1867 1186 1950 (τὰς
1201 1867 1325 1950 φωνὰς)
1348 1867 1493 1950 ἀλλήλων
1516 1869 1570 1940 ξυ-

342 1963 455 2026 νίεσαν.
524 1961 601 2025 ἀλλὰ
629 1960 683 2024 καὶ
715 1960 783 2043 (καί
815 1960 901 2044 έπίλ)
928 1959 1043 2042 ταύτην
1069 1958 1125 2042 τὴν
1153 1959 1312 2041 στρατείαν
1337 1995 1378 2002 -
1402 1956 1569 2040 ξυνῆλθον.

387 2051 533 2134 θαλάσση
558 2051 620 2133 ήδη
644 2051 742 2132 πλείω
767 2048 826 2133 (ιδ’
838 2049 935 2112 πλείω
956 2054 1041 2114 reote
1058 2047 1105 2128 G.)
1128 2048 1299 2131 χρώμενοι.

434 2159 459 2221 Ι.
483 2160 513 2222 4.
536 2157 571 2220 τό
594 2181 626 2220 τε
648 2155 804 2240 λῃστικόν,
828 2156 875 2228 ὡς
898 2154 994 2230 εἰκὸς,
1018 2155 1155 2238 καθῄρει
1178 2155 1332 2237 (ἐκάθηρε
1351 2159 1437 2218 reete
1453 2152 1570 2234 Cobet.)

346 2249 382 2320 έκ
418 2254 474 2331 τῆς
511 2247 683 2329 θαλάσσης.
727 2244 771 2308 Of.
804 2245 883 2309 Plat.
916 2243 1043 2310 Menex.
1075 2265 1104 2328 p.
1134 2245 1196 2306 241
1218 2243 1256 2308 Ι).
1289 2243 1572 2326 ἀνακαθηράμενοι

345 2337 432 2418 (καθ.
457 2336 574 2416 Cobet.)
599 2373 640 2382 —-
664 2341 729 2399 πᾶν
756 2334 791 2398 τὸ
822 2333 1021 2422 βαρβαρικὸν
1049 2333 1084 2397 έκ
1116 2339 1172 2416 τής
1197 2333 1362 2416 θαλάττης.
1435 2339 1491 2396 τοῦ
1518 2332 1573 2402 τὰς

344 2425 528 2508 προσόδους
549 2426 671 2508 μᾶλλον
694 2426 771 2489 ἰέναι
794 2425 882 2507 αὐτῷ
906 2424 1004 2506 (αὑτῷ
1028 2427 1081 2486 aut
1102 2424 1252 2506 εἀυτῴθ).

434 2533 458 2597 Ι.
484 2535 512 2598 5.
538 2535 565 2598 2.
589 2532 644 2596 τὰς
666 2529 804 2616 πύστεις]
830 2531 1012 2596 0190306.
1037 2529 1120 2614 Sept.
1146 2532 1196 2594 54.

432 2641 457 2705 Ι.
483 2642 511 2704 6.
538 2641 564 2702 1.
589 2641 712 2724 ξυνήθη
729 2639 785 2723 τήν
802 2639 920 2703 δίαιταν
933 2639 1010 2721 μεθ’
1027 2639 1137 2702 ὅπλων
1153 2637 1351 2722 ἐποιήσαντο]
1372 2636 1432 2713 Qu,
1448 2638 1571 2720 ξυνήθη

343 2730 400 2814 τήν
422 2731 497 2813 μεθ’
521 2730 631 2794 ὅπλων
655 2729 773 2794 δίαιταν
796 2729 992 2812 ἐποιήσαντο.
1031 2728 1077 2792 of.
1101 2728 1217 2792 Herod.
1242 2727 1281 2791 ΙΙ.
1305 2727 1355 2789 68.
1373 2727 1401 2790 6.
1425 2729 1460 2791 ἐν
1483 2728 1572 2790 ὅδατι

345 2822 464 2884 δίαιταν
493 2819 561 2903 (τήν
592 2819 747 2902 δίαιτανῖ)
779 2819 977 2901 ποιεύμενον.
1016 2816 1169 2881 Linwood
1197 2817 1315 2894 reddit:
1349 2816 1447 2897 ‘They
1471 2816 1571 2899 began

344 2915 376 2973 to
400 2909 464 2973 live
488 2909 596 2972 armed
619 2929 653 2972 as
676 2929 695 2971 a
717 2912 831 2972 matter
847 2909 881 2971 of
893 2907 999 2971 habit’
1068 2912 1199 2990 σημεῖον
1223 2905 1251 2969 δ’
1268 2906 1329 2969 ἐστὶ
1347 2911 1441 2969 ταῦτα
1466 2903 1570 2986 (1.τὰ)

344 3005 399 3082 τῆς
417 2997 570 3067 Ἑλλάδος
593 2999 634 3060 ἔτι
658 2998 742 3060 οὸτω
770 2997 929 3080 νεμόμενα
953 3001 1017 3059 τῶν
1039 3020 1116 3059 ποτε
1139 2998 1175 3077 (f.
1197 2996 1276 3077 τότε)
1293 3033 1334 3041 -
1352 2995 1570 3078 διαιτημάτων.

389 3090 419 3151 4.
443 3086 527 3171 Lege
558 3087 612 3151 καὶ
644 3087 682 3150 οὗ
715 3085 815 3150 πολλά
849 3088 900 3169 έτη
934 3085 1035 3167 (ἔστὶν)
1067 3088 1103 3159 ἐξ
1130 3083 1169 3148 οὗ
1192 3086 1365 3150 πέπαυνται
1389 3085 1443 3166 (ita
1465 3081 1570 3146 Reisk.

346 3175 465 3260 Cobet,
497 3196 611 3260 nempe
643 3182 736 3240 τοῦτο
767 3176 948 3257 ποιοῦντες).
1017 3173 1097 3239 Ibid.
1127 3167 1310 3258 διαζὸνματα
1338 3175 1460 3256 ἔχοντες
1483 3171 1571 3256 [περὶ

344 3266 381 3329 τὰ
405 3266 522 3350 αἰδοῖα]
547 3266 654 3331 Cobet.
775 3317 777 3321 -

433 3375 458 3437 l.
484 3375 512 3438 7.
539 3375 566 3436 1.
598 3374 838 3457 πλωιμωτέρων
870 3371 984 3458 όντων]
1019 3370 1062 3436 Of.
1091 3371 1131 3435 ΙΙ.
1161 3373 1212 3435 98.
1244 3370 1350 3454 ἐπειδὴ
1384 3371 1492 3453 ἑτοῖμα
1524 3367 1572 3452 ἦν.

346 3463 547 3528 HerodVII.
564 3465 654 3527 342.
679 3464 872 3547 ἐπινεφέλων
895 3463 1021 3527 ἐόντων.
1090 3464 1120 3524 2.
1143 3463 1181 3524 αἵ
1197 3486 1229 3524 τε
1252 3463 1287 3525 έν
1309 3467 1374 3532 ταῖς
1389 3461 1498 3544 νήσοις
1520 3459 1574 3522 καὶ

345 3553 410 3637 (καλ
433 3555 502 3635 aio)
535 3554 568 3616 έν
600 3559 665 3624 ταῖς
697 3555 845 3636 ήπείροις.
922 3553 1039 3635 ἔφερον
1071 3551 1131 3634 γὰρ
1164 3550 1329 3634 ἀλλήλους]
1362 3551 1515 3633 ἔφθειρον
1532 3587 1573 3595 -

346 3643 551 3708 Herwerden.
589 3642 695 3707 Recte.
735 3642 779 3705 of.
802 3642 860 3706 ΙΙΙ.
886 3643 936 3705 92.
968 3640 1032 3704 ὑπὸ
1065 3640 1126 3723 γὰρ
1157 3646 1222 3704 τῶν
1249 3639 1384 3704 Οἰταίων
1408 3639 1463 3703 καλ
1485 3638 1574 3704 αὐτοὶ

346 3733 542 3815 ἐφθείροντο.
570 3731 626 3794 IV.
651 3733 702 3794 61.
731 3732 856 3813 νομίσαι
878 3755 910 3794 τε
933 3730 1038 3794 στάσιν
1060 3731 1193 3814 μάλιστα
1217 3730 1360 3813 φθείρειν
1382 3727 1437 3799 τὰς
1459 3728 1574 3810 πόλεις.

327 3821 397 3922 166.
422 3820 655 3904 ἀμφοτέρωθεν
677 3820 734 3904 τήν
757 3819 847 3884 πόλιν
870 3821 1021 3904 φθείρειν.
1317 3817 1320 3824 ’

434 3927 458 3990 Ι.
476 3931 504 3991 8.
523 3929 550 3990 1.
574 3926 629 4000 τὰς
651 3928 794 3998 πλείστας
816 3932 880 3994 τῶν
895 3929 1004 4011 νήσων
1022 3929 1144 4010 ᾤκισαν
1160 3928 1217 4011 (sio
1233 3927 1269 3991 Β.
1286 3925 1364 3990 etr.
1381 3944 1461 3989 oorr.
1485 3925 1573 4008 ᾤκη-

348 4041 407 4082 σαν
422 4018 539 4096 oeteri).
579 4015 625 4080 ef.
649 4018 689 4082 ad
712 4017 736 4080 I.
762 4019 811 4080 12.
829 4019 880 4080 24.
896 4023 954 4082 eto.
1023 4020 1052 4081 2.
1075 4012 1289 4102 πλοϊμώτερα]
1314 4014 1397 4099 Lege
1420 4015 1573 4098 πλωϊμώ-

345 4132 427 4190 τερα.
496 4107 547 4170 ὅτε
564 4144 605 4152 -
622 4105 677 4178 τὰς
692 4105 811 4178 πολλὰς
827 4108 933 4171 αὐτῶν
948 4107 1123 4191 κατῴκιζεν
1139 4106 1371 4190 (κατῴκισενῗ).
1440 4106 1471 4168 οῖ
1485 4102 1573 4186 παρὰ

345 4197 512 4261 θάλασσαν
534 4197 705 4281 ἄνθρωποι
729 4197 841 4280 (6062)
865 4198 928 4261 κτλ.
997 4197 1044 4268 ὡς
1071 4197 1297 4279 πλουσιώτεροι
1325 4197 1448 4259 ἑαυτῶν
1475 4192 1574 4274 (αὐτοὶ

346 4288 468 4351 ἑαυτῶν
483 4287 602 4371 Herw.,
628 4286 770 4352 0011.ΙΠ.
789 4287 839 4352 11.
858 4289 885 4349 l.
901 4286 955 4350 VI.
975 4289 1025 4350 72.
1048 4285 1120 4351 VII.
1135 4287 1197 4368 66.)
1221 4285 1406 4369 γιγνόμενοι.
1470 4284 1498 4345 3.
1521 4281 1575 4345 καὶ

347 4377 380 4440 ἒν
403 4377 511 4460 (dem)
534 4377 636 4460 τούτῳ
663 4384 709 4460 τῴ
731 4375 843 4459 τρόπῳ
865 4376 986 4459 μᾶλλον
1009 4377 1070 4460 ήδη
1100 4377 1186 4447 ὅντες
1209 4374 1421 4459 (ι’σχόοντεςῗ)
1444 4372 1575 4453 ὕστερον

345 4466 454 4550 χρόνῳ
477 4468 610 4551 (ὑστέρῳ
633 4466 742 4550 χρόνῳ
766 4471 820 4529 aut
842 4467 1006 4549 ὅστερονΡ)
1030 4504 1071 4512 -
1096 4467 1309 4548 ἐστράτευσαν.
1349 4461 1476 4527 06111
1503 4461 1575 4523 104.

346 4557 477 4641 ἰσχύσας
499 4556 565 4621 τινὰ
589 4557 707 4642 χρόνον
729 4563 877 4640 ναυτικῷ.
899 4556 924 4620 Ι.
950 4558 978 4620 9.
1005 4564 1144 4639 ναυτικῷ
1166 4555 1305 4639 ι’σχόσας.
