3510 5338
763 411 948 457 τευατυιυτε
1395 379 1398 386 ’
1428 394 1470 456 85

259 538 262 544 ¹
332 572 421 638 VIII.
441 575 496 637 89.
522 575 550 636 2.
575 574 698 655 ἔχοντες
721 570 879 660 ἡγεμόνας
901 575 966 636 τῶν
988 571 1072 635 πάνυ
1088 572 1137 654 (Ρ)
1160 577 1343 656 στρατηγῶν
1366 572 1469 654 (στρα-

243 688 300 817 111
302 664 340 816 ί
341 662 613 816 ‘’V-3⁰33?
615 712 621 725 '
649 661 839 834 ‘3533
854 662 1065 834 09331404
1067 663 1245 814 'VD
1263 663 1471 821 λθελλίλ

245 777 411 905 ιι11011900ίί
445 845 549 926 potest
581 801 758 924 pIaesteme
791 775 1090 905 articulquaIssn.
1098 840 1134 904 τὸ
1167 846 1274 924 σχῆμα
1303 839 1402 905 deleri
1427 800 1470 903 ‘an'

244 932 307 1015 legi
339 929 542 1014 πρόσχημα.”
576 929 698 1014 (Monk.
722 930 762 993 ad
784 929 853 1012 Iph.
877 932 915 992 A.
939 930 1038 1009 885.).
1068 943 1069 946 ’
1121 930 1335 1012 φοβούμενοι.
1353 929 1391 1002 δ’,
1425 930 1472 1000 ὡς

243 1023 376 1103 ἔφασαν,
404 1020 488 1096 τότ’
513 1021 546 1083 ἐν
569 1025 607 1102 τῇ
629 1018 736 1101 Σάμῳ
764 1019 940 1101 στράτευμα
968 1019 1022 1082 καὶ
1048 1017 1103 1083 τὸν
1121 1017 1322 1102 Ἀλκιβιάδην
1345 1018 1471 1104 σπουδῇ

243 1111 329 1173 πάνυ
351 1110 425 1180 τούς
439 1134 471 1173 τε
487 1111 560 1204 (em.
577 1108 624 1190 Β.)
647 1109 680 1178 ἐς
701 1107 758 1191 τήν
775 1107 1001 1191 Λακεδαίμονα
1021 1109 1296 1192 πρεσβευομένους
1319 1110 1470 1190 ἔπεμπον,

242 1202 288 1282 μή
312 1224 339 1262 τι
362 1200 437 1262 ἄνευ
460 1204 524 1262 τῶν
552 1197 706 1261 πλειόνων
733 1196 835 1260 κακὸν
864 1198 1006 1280 δράσωσι
1029 1197 1193 1281 (δράσειαν
1215 1197 1263 1277 Β.)
1292 1196 1348 1279 τήν
1370 1197 1471 1271 πόλιν,

133 1351 139 1362 ,
244 1290 283 1352 ού
315 1287 350 1350 τδ
382 1289 443 1370 (τῷ
466 1287 511 1367 Β.)
544 1287 733 1360 ἀπαλλάξειν
760 1292 815 1350 τοῦ
843 1288 924 1368 ἄγαν
952 1288 985 1357 ἐς
1012 1287 1137 1378 ὀλίγους
1165 1287 1276 1360 ἐλθεῖν,
1305 1285 1383 1349 ἀλλά
1412 1291 1470 1351 ete.

244 1376 348 1441 Locus
372 1378 595 1442 vexatissimus
623 1375 869 1441 emendatricem
893 1396 1024 1439 manum
1051 1377 1195 1440 nondum
1219 1380 1377 1460 expertue
1423 1376 1472 1439 Ita

244 1465 441 1548 Donaldson,
465 1469 499 1530 οἳ
516 1467 668 1548 μετέσχον
689 1465 749 1548 μὲν
777 1466 811 1528 ἐν
837 1471 902 1535 τοῖς
928 1470 1049 1548 πρῶτοι
1076 1471 1141 1528 τῶν
1173 1466 1380 1552 πραγμάτων,
1409 1489 1470 1547 φο·
1566 1495 1571 1506 ·

169 1593 171 1598 ·
244 1556 395 1638 βούμενοι
420 1554 467 1629 δὲ,
492 1556 538 1626 ὡς
561 1557 693 1638 ἔφασαν,
716 1554 800 1618 τότ’
824 1555 857 1617 ἐν
880 1553 986 1636 Σάμῳ
1013 1555 1189 1636 στράτευμα
1219 1553 1351 1618 καὶτὸν
1369 1554 1470 1617 Ἀλκι-
1548 1626 1550 1630 ,

244 1645 359 1728 βιάδην
386 1646 460 1715 τούς
487 1644 512 1707 τ’
526 1719 531 1723 .
545 1645 578 1714 ἐς
609 1644 665 1726 τήν
688 1643 916 1726 Λακεδαίμονα
949 1644 1239 1726 πρεσβευομένους,
1271 1645 1316 1727 μή
1345 1668 1373 1706 τι
1395 1645 1470 1708 ἀνευ
1581 1689 1583 1693 ψ

244 1739 308 1797 τῶν
335 1734 491 1819 πλειόνων
523 1732 626 1797 κακδν
660 1733 802 1816 δράσωσι
834 1732 890 1815 τήν
922 1731 1021 1805 πόλιν,
1054 1732 1180 1814 σπουδῇ
1216 1733 1300 1796 πάνυ
1334 1733 1471 1806 ἐπεῖπον,

245 1825 311 1886 οὔτι
343 1823 558 1898 ἀπαλλᾳξείειν
589 1828 644 1886 τοῦ
668 1824 748 1904 ἄγαν
781 1823 824 1892 εἰς
852 1822 977 1903 ὀλίγους
1004 1821 1116 1895 ἐλθεῖν,
1149 1821 1226 1885 ἀλλὰ
1259 1820 1333 1892 τοὺς
1360 1845 1470 1885 πεντα-

244 1913 414 1996 κισχιλίους
441 1915 526 1995 ἔργῳ
549 1911 602 1975 καί
624 1912 669 1995 μή
695 1911 825 1993 ὀνόματι
847 1917 962 1994 χρῆναι
984 1910 1208 1975 ἀποδεικνύναι
1230 1911 1284 1974 καὶ
1304 1910 1361 1993 τήν
1383 1912 1471 1975 πολι-

243 2003 326 2066 τείαν
358 2003 514 2084 ἶσαιτέραν
545 2001 739 2064 καθιστάναι.
822 2002 896 2071 τούς
927 2024 959 2064 τε
984 2037 1023 2046 -
1047 2001 1336 2083 πρεσβευομένους,
1367 2001 1413 2083 μή
1446 2025 1472 2063 τι

244 2093 318 2155 ἄνευ
342 2097 406 2154 τῶν
428 2091 584 2155 πλειόνων
607 2089 708 2154 κακὸν
726 2090 867 2171 δράσωσι
889 2089 945 2173 τήν
968 2090 1058 2153 πάλιν
1081 2090 1199 2172 (ἔλεγον
1219 2094 1273 2153 aut
1296 2090 1398 2154 simile
1414 2090 1472 2154 ali-

245 2182 335 2264 quid,
360 2199 400 2244 ex
425 2181 548 2263 schol.),
574 2182 659 2244 οὔτοι
682 2180 897 2253 ἀπαλλαξείειν
921 2180 978 2262 (sie
1000 2179 1153 2243 Abreseh.
1177 2179 1318 2244 Piersen.
1338 2177 1471 2244 Goeller.

243 2270 313 2333 fort.
351 2271 411 2352 οὐχ
439 2271 484 2332 ὅτι
517 2269 763 2351 ἀπαλλαξείοιεν)
785 2275 841 2333 τοῦ
871 2270 951 2350 ἀγαν
974 2306 1016 2315 -
1041 2270 1120 2351 conj.
1144 2268 1306 2333 Linwood.
1345 2269 1407 2333 Pro
1432 2269 1470 2332 ού

244 2355 279 2418 τὸ
311 2358 373 2438 (sie
401 2359 485 2438 vulg.
515 2359 553 2420 οὐ
581 2362 637 2420 τῶι
662 2357 708 2435 Β.)
741 2378 791 2440 qu.
822 2359 895 2420 οὔτι.
964 2359 1107 2440 ἔπεμπον
1140 2378 1199 2421 om.
1229 2364 1293 2423 tres
1321 2358 1411 2421 codd.
1441 2359 1473 2421 et'

173 2507 175 2512 .
245 2444 341 2508 schol.
358 2444 444 2528 prob.
462 2444 599 2528 Madvig.
668 2446 761 2508 οὔπω
778 2446 898 2524 (ούτωι,
923 2447 1022 2519 οὕτω,
1042 2466 1107 2509 non
1127 2447 1165 2510 ού
1180 2446 1229 2520 τδ,
1254 2447 1470 2527 οοι1ι1.)ἀπαλ-

245 2534 374 2607 λαξείειν
401 2534 538 2617 (ἠξίουν)
564 2538 620 2596 τοῦ
648 2535 729 2615 ἄγαν
761 2534 793 2603 ἐς
825 2534 949 2616 ὀλίγους
983 2534 1085 2598 ἐλθεῖν
1109 2533 1246 2617 Madvig.
1292 2535 1349 2611 Qu.
1378 2532 1471 2599 οὔπω

245 2623 459 2696 ἀπαλλαξείειν
482 2624 620 2707 (ἔφασαν
643 2628 698 2687 aut
713 2623 864 2705 ἠξίωσαν)
880 2661 935 2685 -.
975 2621 1077 2687 001101.
1101 2624 1209 2705 ἔλεγον
1233 2624 1278 2686 ὅτι
1295 2624 1354 2687 οὐκ
1371 2624 1471 2687 ἀπαλ-

244 2712 401 2783 λακτικῶς
423 2714 530 2795 ἔχουσι
552 2718 607 2795 τῆς
626 2712 814 2794 ὀλιγαρχίας.
882 2715 911 2774 4.
935 2713 1106 2796 ἠγωνίζετο
1129 2714 1338 2796 (ἠγωνίζοντο
1353 2712 1471 2793 Herw.)
1525 2709 1527 2716 ’

245 2801 302 2864 οὖν
335 2801 377 2872 εἷς
409 2803 540 2872 ἕκαστος
572 2800 666 2871 αὐτὸς
693 2807 821 2884 πρῶτος
849 2801 932 2884 (jure
962 2802 1045 2866 delet
1067 2801 1190 2884 Ηοτνν.)
1210 2802 1388 2886 προστάτης
1415 2808 1471 2866 τοῦ

245 2891 350 2973 δήμου
375 2892 522 2973 γενέσθαι
545 2896 602 2955 ete.

333 2979 420 3044 VIII.
446 2981 495 3044 90.
523 2981 549 3042 1.
582 2980 728 3062 πρέσβεις
758 2980 784 3043 τ’
817 2980 1004 3044 ἀπέστελλον
1037 2985 1131 3063 σφῶν
1162 2981 1263 3063 (delet
1286 2979 1405 3061 Herw.)
1438 2981 1471 3051 ἐς

243 3068 550 3152 τήνΔακεδαίμονα.
620 3071 648 3131 4.
672 3068 745 3140 τοὺς
768 3070 802 3133 ἐν
824 3069 947 3153 Σάμῳ]
971 3070 1045 3140 τοὺς
1063 3071 1099 3133 ἐκ
1115 3070 1223 3152 Σάμῳ
1238 3069 1275 3133 Β.
1316 3068 1374 3146 Qu.
1397 3070 1472 3141 τοές

245 3156 280 3219 ἐκ
303 3156 428 3238 Σάμου.
498 3159 526 3220 6.
554 3159 699 3221 ἐντεῦθεν
721 3158 969 3242 προαιροῦντας)
999 3159 1043 3224 01.
1068 3159 1107 3223 ad
1130 3161 1226 3223 Arist.
1249 3160 1371 3224 Thesm.
1396 3160 1470 3223 419.

333 3244 421 3308 VIII.
439 3247 489 3308 91.
507 3248 536 3307 2.
559 3247 663 3328 λήσειν
680 3248 915 3330 διαφθαρέντας
937 3249 1205 3331 (διαφθαρείσαςΡ
1229 3269 1270 3313 sc.
1295 3248 1350 3319 τὰς
1372 3254 1469 3328 ναῦς).

290 3335 317 3396 3.
341 3335 386 3417 μή
412 3334 469 3398 οὗν
492 3334 556 3399 ὑπὸ
578 3340 634 3398 τοῦ
660 3335 764 3418 δήμου
789 3359 823 3416 γε
848 3337 894 3420 (τε
922 3337 960 3398 Α.
985 3336 1020 3399 Β.
1044 3336 1079 3398 Ε.
1103 3337 1136 3399 F.
1162 3357 1222 3399 om.
1247 3336 1303 3418 G.).
1343 3335 1401 3413 Qu.
1424 3338 1469 3420 μή

245 3429 323 3505 γοῦν
345 3423 408 3487 ύπό
431 3432 478 3507 τῷ
502 3425 597 3506 δήμῳ
620 3423 715 3492 αὖθις
742 3424 905 3507 γενόμενοι
929 3424 986 3507 (sie
1010 3424 1057 3506 0.)
1081 3425 1168 3489 αὐτοὶ
1191 3425 1255 3506 πρὸ
1278 3431 1342 3489 τῶν
1366 3426 1471 3490 ἀλλων

243 3512 375 3594 μάλιστα
409 3514 634 3596 διαφθαρῆναι.
675 3512 719 3577 01.
748 3512 837 3579 Dem.
861 3513 1050 3578 111Τί010οΓ.
1077 3515 1148 3577 148.
1182 3513 1232 3577 ἵνά
1264 3515 1309 3598 μή
1343 3513 1402 3578 οὗν
1425 3516 1471 3598 (Ρ)

244 3603 458 3686 ἐπιβουλεύειν
481 3602 627 3673 ἐδόκεις..

332 3691 421 3754 VIII.
447 3693 496 3754 92.
522 3694 549 3755 2.
574 3693 607 3756 ἐν
631 3690 699 3776 [τῇ]
724 3693 829 3775 ἀγορᾷ
851 3692 1020 3775 πληθούσγγ
1045 3691 1151 3757 Cobet.
1222 3695 1249 3755 3.
1273 3694 1469 3778 καταδεδρα-

242 3780 398 3864 μήκεσαν)
421 3782 490 3845 Imo
514 3782 841 3864 κατεδεδραμήκεσαν.
912 3785 938 3845 7.
963 3781 1087 3867 ἄστεος)
1104 3783 1225 3854 άστεως
1240 3788 1325 3848 reete
1341 3783 1469 3848 EM.

289 3871 317 3931 9.
346 3870 422 3933 ὅσον
454 3871 507 3932 καί
534 3871 645 3951 (dem)
673 3871 738 3934 ἀπὸ
765 3873 845 3954 βοής
873 3871 981 3955 ἕνεκα]
1015 3872 1059 3937 01.
1084 3870 1167 3936 Xen.
1191 3872 1274 3936 Ηο11.
1300 3875 1328 3935 2.
1357 3876 1393 3956 4,
1418 3873 1469 3935 26.

243 3958 439 4040 προσέβαλεν
462 3960 508 4040 (Ρ)
533 3960 610 4021 ὅσον
642 3959 706 4022 ἀπὸ
738 3962 818 4043 βοής
850 3962 962 4024 ἕνεκεν.
1048 3962 1097 4024 11.
1122 3962 1268 4044 ἄντικρυς
1296 3965 1335 4025 ἂν
1365 3962 1469 4044 δήμον

244 4045 336 4125 (adde
359 4045 436 4109 εῖναι
459 4052 514 4111 aut
536 4048 720 4129 γενέσθαιῖ)
743 4049 922 4130 ἠγούμενοι.

332 4133 420 4198 VIII.
446 4137 496 4198 93.
522 4138 549 4199 3.
583 4137 750 4219 ἐκκλησίαν
782 4144 911 4220 ποιήσαι
945 4140 978 4202 ἐν
1009 4148 1057 4222 τῷ
1079 4138 1235 4220 Διονυσίῳ
1267 4139 1336 4222 (leg.
1356 4138 1468 4203 Διονυ-

243 4231 359 4306 σιακῷ,
383 4226 452 4287 0011.
476 4244 502 4289 0.
528 4226 578 4288 93.
602 4226 634 4296 ἐς
657 4225 692 4288 τὸ
715 4262 759 4272 -
782 4226 991 4291 Διονυσιακὸν
1013 4229 1150 4310 θέατρον
1173 4227 1342 4308 ἐλθόντες).

331 4312 419 4376 VIII.
445 4315 495 4377 94.
522 4315 548 4377 l.
577 4317 596 4397 ἠ
621 4316 655 4378 ἐν
678 4314 833 4379 Διονύσου
862 4317 1027 4400 ἐκκλησία]
1057 4317 1103 4381 Of.
1127 4316 1242 4381 Aeseh.
1266 4315 1307 4379 II.
1332 4317 1382 4379 64.
1413 4318 1469 4402 τήν

241 4403 275 4466 ἐν
298 4402 454 4467 Διονύσου
487 4404 664 4487 ἐκκλησίαν.
756 4407 784 4468 3.
817 4406 863 4476 ὡς
894 4413 950 4470 τοῦ
982 4407 1064 4470 ίδίου
1096 4406 1240 4488 πολέμου
1272 4407 1419 4488 μείζονος
1446 4410 1467 4490 ἠ

241 4492 272 4580 (ἠ
297 4492 332 4554 Β.
357 4513 416 4562 om.
442 4492 738 4575 Βο1τ1ς.)-.ὅντο,ς.
814 4495 960 4580 μείζονος
992 4499 1012 4586 ἠ
1045 4495 1109 4559 ἀπὸ
1141 4500 1206 4566 τῶν
1237 4495 1410 4590 πολεμίων]
1446 4500 1466 4587 ἠ
