3510 5338
684 360 870 416 vnucvamas
1347 351 1387 414 61

253 524 307 594 VI.
333 529 383 594 38
407 533 436 594 4
460 529 592 614 μάλιστα
621 529 681 612 γὰρ
711 529 855 593 δσκώ”
833 554 872 594 αν
903 555 959 613 μοι
992 531 1095 601 οὕτως
1127 530 1314 612 ἀποτρέπειν
1336 537 1391 612 τῆς

153 621 358 703 κακουργίας
390 620 461 704 (τὰς
493 621 688 702 κακουργίας
720 619 848 700 Herw..)
930 620 1066 702 πότερον
1098 621 1205 703 άρχειν
1237 620 1300 703 ἤδη
1334 619 1390 702 (δὴ

153 709 361 784 Herw.)—-.

249 800 307 863 vl.
333 761 382 863 39.
409 801 436 861 1.
460 800 553 910 φησει
575 823 619 868 τις
643 798 922 881 δημακρατίαν”
883 823 955 862 ουτε
978 798 1104 872 ξυνετὸν
1124 799 1189 862 οὔτ’
1212 801 1280 862 ἴσον
1304 797 1389 871 εἶναι,

152 888 230 960 τοὺς
258 887 331 953 d”'
312 913 441 972 εχοντας
463 888 499 951 τὰ
522 890 669 971 χρήματα
692 889 746 951 καὶ
769 889 876 970 ἄρχειν
899 889 1008 971 ἄριστα
1036 888 1211 970 βελτίστους
1234 890 1300 967 (aul
1322 887 1389 969 άρι-

153 1003 212 1042 στα
239 983 299 1042 aut
320 978 495 1060 βελτίστους
519 978 672 1041 deleverit
693 976 820 1057 Hera).
890 980 918 1039 2.
943 977 996 1042 Sic
1017 977 1158 1061 Madvig,
1182 976 1249 1040 ἀλλ’
1272 979 1314 1039 ἔτι
1337 977 1391 1039 καί

153 1075 223 1142 νῦν,
243 1105 287 1114 -
313 1069 341 1130 εἰ
360 1067 405 1150 μὴ
429 1067 608 1150 μανθάνετε
634 1066 719 1131 κακὰ
750 1066 950 1140 σπεύδοντες,
979 1065 1026 1130 ὧν
1050 1067 1114 1148 ἐγὼ
1138 1066 1210 1130 οῖδα
1229 1066 1390 1148 Ἑλλήνων

154 1158 393 1240 ἢάδικώτατοι
415 1157 478 1221 κτλ.
523 1156 581 1232 Qu.
610 1159 629 1239 ἢ
658 1157 784 1219 πάντων
814 1157 1053 1229 ἀξυνετώτατοι,
1088 1158 1116 1219 ει’
1139 1156 1185 1241 μὴ
1213 1157 1391 1238 μανθάνετε

153 1247 244 1310 κακὰ
281 1247 482 1319 σπεύδοντες,
521 1248 541 1328 ἢ
575 1246 789 1327 ἀμαθέστατοί
819 1247 885 1309 ἐστε
910 1283 964 1308 -.
1003 1247 1069 1309 Aut
1091 1283 1133 1290 —
1162 1247 1191 1308 εἰ
1219 1245 1264 1328 μὴ
1298 1244 1390 1327 (γάρ)

154 1337 342 1417 μανθάνετε
366 1372 408 1380 -
433 1332 531 1420 [ἀλλ’]
555 1336 623 1417 ἤτοι
650 1335 809 1417 μαθόντες
833 1359 867 1417 γε
888 1336 952 1399 κτλ.
1021 1336 1246 1409 ἀξυνετώτατοι
1270 1339 1301 1398 el
1326 1335 1392 1397 ἐστε

154 1426 300 1489 includit
330 1425 462 1488 Amold.
485 1424 572 1508 prob.
595 1423 694 1487 Linw.
734 1423 836 1488 Locus
866 1425 1084 1508 interpolatus,
1163 1423 1394 1508 [ἀμαθέστατοί

156 1517 226 1578 ἐστε
266 1515 404 1597 Madvig.

227 1515 308 1667 lVI.
326 1605 377 1667 40.
396 1605 430 1665 l.
447 1603 642 1686 ἡγησάμενοι
664 1609 756 1667 τοῦτο
775 1603 908 1686 (οὕτωέ)
931 1602 990 1685 μὲν
1008 1605 1047 1666 ἂν
1062 1603 1117 1666 καὶ
1132 1603 1213 1686 (dele
1229 1623 1303 1666 cum
1319 1605 1390 1683 Αθ(

156 1695 227 1756 ἴσον
253 1731 296 1739 -
320 1699 492 1775 μετασχεῖν.
584 1695 612 1756 3.
646 1692 697 1775 ἐφ’
731 1694 842 1776 ἑαυτῆς
879 1699 1044 1756 σκοποῦσα
1076 1691 1149 1762 τοὺς
1181 1692 1322 1776 λόγους]
1346 1692 1389 1756 cf.

156 1783 251 1847 Dani.
265 1783 317 1846 ‘de
334 1781 402 1845 Cor.
420 1784 492 1845 224.
515 1782 582 1845 τότε
607 1781 635 1845 δ’
659 1781 735 1845 αὐτὸ
758 1781 794 1845 τὸ
817 1787 949 1866 πρᾶγμα
973 1785 1012 1844 ἂν
1031 1782 1169 1864 ἐκρίνετο
1193 1781 1244 1864 ἐφ’
1268 1783 1390 1846 ἑαυτοῦ.

250 1872 307 1935 VI.
332 1874 383 1935 42.
407 1872 516 1953 ὥσπερ
549 1872 679 1952 ἔμελλον
715 1872 897 1953 δρμιεῖσθαί
929 1896 961 1935 τε
997 1872 1051 1934 καὶ
1088 1870 1391 1953 στρατοπεδεύεσθαι

157 1962 498 2045 (στραταπεδεάσεσθαι
522 1967 606 2025 recte
626 1960 752 2043 Cobet).
821 1963 850 2022 2.
873 1961 926 2024 καί
950 1963 983 2030 ἐς
1005 1961 1061 2043 τὴν
1080 1960 1209 2024 Ἰταλίαν
1228 1960 1281 2024 καὶ
1296 1961 1389 2024 Σικε-

158 2051 242 2136 λίαν]
269 2053 303 2121 ἐς
321 2050 450 2114 Ἰταλίαν
474 2088 517 2095 -
540 2050 646 2114 Herw.

252 2140 310 2202 Vl.
332 2142 383 2204 43.
409 2143 436 2203 1.
462 2141 550 2203 δυοῖν
573 2139 706 2204 Ῥαδίοιν
730 2139 859 2222 (melius
882 2140 1011 2203 Ροδίαιν
1034 2140 1067 2203 F.
1092 2141 1188 2221 corr.)
1216 2164 1388 2223 πεντηκον-

158 2254 276 2313 τορσιν.

252 2319 308 2383 VI.
333 2321 384 2382 44.
409 2321 437 2382 2.
462 2319 545 2402 Lege
569 2320 797 2402 εὐθυπορῆσαι.

254 2409 309 2471 VI.
333 2411 384 2471 45.
408 2408 489 2490 πρὸς
514 2408 548 2471 δὲ
570 2407 644 2479 τοὺς
667 2409 804 2489 (ἄλλους,
833 2414 887 2471 aut
910 2410 1048 2491 ἑτέρους,
1078 2415 1133 2474 aut
1159 2408 1232 2479 τοὺς
1255 2409 1390 2478 άλλουςΡ

160 2498 197 2560 cf.
224 2500 277 2561 34.
302 2499 334 2568 ἐς
358 2498 393 2562 δὲ
415 2498 472 2580 τὴν
495 2497 592 2580 άλλην
614 2498 761 2561 Σικελίαν
788 2499 967 2580 πέμπωμεν
991 2500 1146 2581 πρέσβεις(
1170 2500 1324 2581 πρέσβεις,
1349 2519 1390 2561 sc.

159 2590 388 2671 περιέπεμπον.
456 2588 625 2650 καὶτᾶλλα
649 2587 695 2657 ὡς
718 2587 768 2650 ἐπὶ
790 2594 880 2671 ταχεῖ
899 2588 1051 2670 (τραχεῖέ)
1074 2589 1272 2670 παλέμῳ.-
1297 2588 1390 2651 καθί-

160 2701 283 2742 σταντο.
323 2677 368 2741 (ll.
393 2677 432 2740 ad
455 2676 511 2740 IV.
537 2679 587 2738 55.
612 2679 640 2740 2.

252 2766 309 2830 VI.
333 2768 384 2829 46.
410 2769 437 2828 2.
461 2772 526 2830 τοῖν
555 2765 589 2830 δὲ
617 2767 733 2848 ἕτέροιν
760 2767 814 2829 καὶ
837 2766 1035 2851 ἀλογώτερα]
1065 2767 1175 2829 Malim
1199 2766 1390 2848 άλογώτατα.

206 2859 228 2920 ἃ
253 2858 328 2920 ὄντα
352 2857 477 2939 ἀργυρᾶ
499 2856 609 2939 πολλῷ
631 2857 728 2920 πλείω
752 2856 807 2939 τὴν
831 2857 907 2938 άιγιν
931 2857 985 2919 ἀπ’
1010 2857 1115 2940 ὀλίγης
1136 2855 1305 2938 δυνάμεως
1327 2856 1392 2939 (qd.

163 2945 320 3028 δαπάνης(
344 2947 518 3029 χρημάτων
540 2947 713 3029 παρείχετο.

254 3035 310 3099 VI.
334 3038 386 3098 48.
409 3035 482 3106 τοὺς
507 3035 541 3099 δὲ
564 3037 676 3119 φίλους
698 3037 911 3110 ποιεῖσθαιᾌ
895 3060 944 3099 ινα
961 3042 1045 3100 σῖτον
1060 3035 1113 3098 καὶ
1129 3035 1273 3118 στρατιάν
1296 3037 1392 3118 ἔχωσι

164 3127 341 3209 (παρέχωσι
374 3123 517 3208 Madvig,
550 3126 588 3189 de
621 3125 737 3189 Siculis
768 3126 970 3209 intelligens).
1014 3126 1059 3190 01.
1085 3125 1157 3189 Vll.
1183 3128 1233 3188 57.
1257 3129 1286 3187 4.
1315 3131 1393 3196 ναῦς

164 3214 199 3278 δὲ
226 3216 419 3298 παρέχοντες
446 3213 617 3296 (Χῖοι(-
641 3217 841 3288 ξυνέσπαντο.
910 3214 1100 3299 ἐφάρμησιν]
1134 3203 1300 3298 ἐφάρμισιν
1323 3216 1392 3278 cod.
1477 3245 1479 3249 ·

163 3324 228 3388 reg.
252 3305 339 3388 prob.
364 3305 519 3368 Schaefer.

258 3393 723 3477 111.49.3.έφορμηθέντας]
747 3393 999 3476 ἐφορμισθέντας
1023 3391 1178 3480 Schaeier.

254 3484 309 3546 VI.
336 3486 386 3547 50.
413 3483 439 3547 1.
465 3483 510 3553 ὡς
538 3484 598 3546 οὐκ
626 3484 751 3546 ἔπειθεν
779 3483 935 3634 (Ιέπειοενδ
940 3484 965 3565 ),
1003 3481 1116 3544 ἀλλ”
1098 3482 1306 3564 απεκρίναντο
1335 3488 1391 3546 etc.

211 3574 364 3646 δέξασθαι
387 3572 425 3636 al.
450 3577 481 3636 et
503 3571 599 3636 Dobr.
623 3573 704 3635 Adv.
728 3572 818 3636 1.10

256 3662 309 3726 VI.
335 3665 385 3725 51.
412 3663 439 3725 1.
462 3663 577 3725 πυλίδα
604 3661 671 3725 τινὰ
679 3661 1005 3774 ἐνῳκοδομημένην]
1043 3660 1087 3723 Cf.
1102 3661 1241 3724 Arrian.
1268 3660 1392 3744 Exped.

168 3751 222 3816 VI.
248 3754 299 3815 29.
322 3752 378 3834 τὴν
401 3752 520 3834 θυρίδα
553 3752 639 3815 δὲ’
621 3752 771 3834 αῳάνισαι
802 3751 839 3814 τὰ
870 3751 930 3833 μέν
958 3751 1054 3834 αυτῆς
1077 3751 1159 3833 λίθῳ
1183 3751 1391 3834 ἐνοικοδομή-

166 3865 271 3906 σαντα.
340 3841 458 3905 έλαθον
491 3841 657 3926 διελόντες]
696 3841 804 3905 Malim
837 3842 956 3905 έλαθον
990 3841 1190 3923 διαλέγοντες.
1230 3840 1273 3904 Of.
1296 3843 1392 3904 Arist.

166 3929 239 4013 Lys.
264 3932 337 3994 720.
360 3931 417 4014 τὴν
439 3933 498 4014 μέν
522 3956 556 4014 γε
579 3933 710 4014 πρώτην
734 3932 940 4013 διαλέγουσαν
962 3931 1018 4013 τὴν
1041 3931 1124 4014 ὀπὴν
1145 3931 1149 4013 Ι
1169 3931 1352 4013 κατέλαβον.

257 4020 311 4083 VI.
337 4022 388 4083 53.
415 4022 442 4082 1.
470 4021 749 4103 καταλαμβάνουσι
780 4021 836 4104 τὴν
867 4021 1065 4102 Σαλαμινίαν
1098 4018 1200 4103 [ναῦν]
1225 4058 1266 4065 -
1291 4021 1343 4082 ἐπί
1362 4045 1393 4082 τε

163 4109 343 4194 Ἀλκιβιάδη
384 4108 447 4193 [ὡς
481 4111 686 4180 κελεύσοντας
722 4110 890 4194 ἀποπλεῖν]
929 4111 961 4180 ἐς
997 4109 1170 4191 ἀπολογίαν
1195 4146 1236 4153 --
1261 4108 1369 4172 Cobet.
1406 4160 1408 4164 .

213 4203 240 4263 3.
264 4201 329 4264 ὑπο
352 4199 426 4281 (ὑπὸ
449 4205 514 4264 τῶν
537 4199 619 4264 bene
644 4199 691 4282 G.)
714 4200 988 4282 Λακεδαιμονίων.

153 4339 155 4347 .
257 4289 312 4353 VI.
330 4291 380 4352 54.
399 4292 426 4353 6.
450 4289 655 4374 ἐπεμέλοντο]
681 4288 739 4364 Qu.
764 4290 981 4371 ἐπεμελοῦντο.
1022 4289 1066 4352 01.
1082 4286 1155 4350 VII.
1173 4288 1223 4350 39
1248 4287 1392 4370 ἐπιμελο-

168 4381 285 4460 μένους
309 4379 586 4462 (ἐπιμελουμέναυς
609 4381 647 4442 Α.
667 4379 703 4442 Β.
720 4379 757 4443 D.
773 4377 827 4460 M).
895 4378 996 4491 ηρξαν
1018 4402 1074 4461 την
1098 4378 1255 4440 ἐνιαυσίαν
1277 4378 1392 4472 (ἐνιαύ-

168 4491 235 4532 σιον
257 4474 342 4534 recte
366 4468 413 4551 G.)
432 4470 613 4553 Ἀθηναίοις
635 4468 800 4553 (Ἀθήναις
806 4469 966 4552 1(ἀρχήν.
