3576 5340
739 403 927 454 mmmm
1405 387 1445 450 15
1556 451 1559 458 ,

221 567 370 636 0113of.
386 565 497 648 ῶσπερ
513 564 567 629 καί
581 566 666 651 ἔχων
681 564 777 630 αὐτὸν
793 564 971 639 έκαδέζετο.
986 565 1058 628 126.
1105 567 1133 628 3.
1143 565 1254 648 πολλῷ
1269 565 1449 630 ἀσθενεστέ-

221 681 282 741 ρου
298 657 421 739 (-ους2)
444 660 503 724 ete.
551 661 694 737 γενναῖον
710 655 745 720 δὲ
761 653 837 718 εἶναι
854 653 938 737 [τοὺς
953 654 1096 739 ὁμοίους]
1113 654 1249 719 ἀπὸτοῦ
1266 656 1335 719 ἴσου
1352 679 1449 738 τιμω-

222 747 347 830 ρεΐσδαι
370 745 478 811 Cobet.
547 747 576 807 4.
609 744 662 808 καί
694 745 762 827 ἅμα
794 744 889 814 αάτδς
920 743 980 826 μὲν
1012 745 1123 827 ἐκείνῳ
1156 744 1262 827 χρείας
1293 744 1375 816 τινὸς
1407 746 1450 828 (ἀς

219 837 329 919 χρείαν
343 834 424 909 τινὰ,
448 835 481 905 ές
503 834 609 917 χρείας
631 833 728 908 τινάς,
753 838 808 897 aut
830 833 938 916 χρείας
958 831 1041 903 τινὸς
1063 835 1155 916 χάριν
1178 835 1246 898 sive
1269 834 1373 916 ἕνεκα)
1396 836 1449 898 καί

221 927 281 989 οὐκ
310 925 343 996 ἒς
370 924 405 988 τὸ
433 929 529 1006 σῶμα
562 923 644 1007 (μήλ
669 928 724 987 aut
747 923 844 1004 dele)
876 923 1044 997 σώζεσθαι.
1122 923 1280 1006 σωτηρίας
1311 925 1351 987 ἀν
1383 922 1449 1007 [τῆς

219 1014 338 1099 ψυχῆς]
372 1014 583 1103 ἀποστερῆσαι
615 1012 723 1076 Cobet.
807 1013 964 1095 σωτηρίας
996 1013 1065 1096 (τῆς
1097 1013 1291 1097 σωτηρίαςλ)
1323 1015 1363 1076 ἀν
1394 1019 1449 1097 τῆς

218 1110 327 1187 φυχῆς
350 1103 570 1187 ἀποστερῆσαι.

308 1211 332 1276 I.
359 1212 431 1274 137.
457 1212 484 1274 1.
517 1210 627 1292 ῶσπερ
654 1210 739 1292 ἔχων
766 1207 863 1272 αὐτὸν
889 1208 1075 1293 έκαῦέζετο]
1109 1209 1218 1291 ῶσπερ
1242 1210 1327 1292 ἔχων
1350 1210 1447 1273 αὐτοῦ

219 1300 367 1383 (‘there’)
390 1336 435 1346 -
458 1301 537 1383 conj.
561 1299 676 1382 Li11w.,
700 1297 771 1361 coll.
792 1297 816 1362 I.
843 1299 914 1361 134.
938 1297 978 1362 II.
1002 1300 1031 1360 4.
1055 1298 1112 1362 III.
1137 1300 1187 1363 30.
1214 1299 1266 1362 VI.
1285 1300 1335 1362 57.
1359 1298 1447 1362 VIII.

220 1391 272 1453 41.
296 1391 348 1452 42.
416 1389 469 1452 καί
500 1389 648 1472 μέγιστον
680 1387 720 1472 ἦν
752 1388 898 1469 ἱκέτευμα
930 1386 1039 1471 τοῦτο]
1072 1387 1161 1452 Haeo
1184 1393 1331 1472 suspecto
1354 1389 1449 1452 habet

221 1477 327 1542 Herw.
397 1481 427 1542 2.
458 1480 553 1562 μέχρι
580 1479 681 1548 πλοῦς
705 1476 844 1561 γένηται]
878 1475 986 1540 Malim
1010 1478 1103 1560 μέχρι
1131 1480 1170 1542 ἂν
1192 1479 1293 1548 πλοῦς
1316 1479 1446 1562 γένηται.

266 1570 294 1632 4.
318 1568 351 1632 έν
373 1575 420 1651 τῷ
443 1568 555 1649 (dele)
578 1567 716 1651 ἀσφαλεῖ
734 1565 794 1648 μέν
813 1566 897 1649 ἐμοὶ,
921 1567 1031 1650 έκείνῳ
1048 1567 1082 1630 δὲ
1100 1568 1133 1630 έν
1149 1567 1340 1651 ἐπικινδύνῳ
1355 1569 1448 1631 πάλιν

222 1658 242 1740 ή
266 1657 449 1741 ἀποκομιδή
474 1658 618 1739 ἐγίγνετο.
690 1656 745 1721 καί
772 1654 914 1740 τὴντῶν
938 1660 1088 1739 γεφυρῶν
1113 1655 1169 1739 (ἣν
1191 1657 1324 1738 ψευδῶς
1346 1680 1446 1741 προσ-

220 1747 400 1832 εποιήσατο]
424 1747 491 1810 τότε
516 1745 556 1810 δι’
579 1744 676 1810 αὑτὸν
700 1746 738 1809 οῦ
764 1745 903 1809 διάλυσιν
926 1745 1033 1810 Cobet.

307 1856 331 1920 Ι.
357 1856 429 1918 138.
456 1854 483 1916 1.
507 1853 674 1936 ἒῦαῦμασέ
695 1877 727 1916 τε
743 1853 840 1916 αὐτοῦ
856 1852 912 1936 τήν
929 1852 1071 1917 διάνοιαν
1086 1852 1140 1918 καλ
1155 1853 1278 1918 ἐκέλευε
1293 1853 1447 1936 (ἐκέλευσε

218 1949 303 2010 reete
327 1944 363 2007 G.
386 1949 487 2008 ποιεῖν
510 1944 622 2013 οὕτως.
690 1942 845 2027 ἠδύνατο]
869 1942 951 2025 Imo‚
973 1944 1008 2005 ni
1029 1943 1134 2026 fallor,
1160 1943 1299 2006 έδυυατο.
1340 1941 1379 2006 Et
1401 1945 1447 2006 sio

217 2035 352 2117 ἔμελλεν,
376 2054 441 2097 non
457 2033 599 2116 ἤμελλεν,
623 2032 709 2116 apud
724 2037 877 2096 nostrum.
947 2034 975 2094 2.
998 2031 1053 2096 καὶ
1069 2038 1126 2096 τοῦ
1142 2032 1208 2116 (τήν
1223 2033 1316 2114 root)
1335 2031 1445 2116 Ἐλλη-

216 2130 308 2188 νικοῦ
332 2123 457 2197 ἐλπίδα,
485 2125 525 2206 ἣν
547 2123 687 2186 ῦπετίῦει
715 2122 803 2205 αὐτῷ
826 2120 956 2206 (αῦτδῖ)
982 2121 1162 2187 δουλῶσειν.
1232 2125 1260 2185 3.
1283 2123 1447 2204 κράτιστος

218 2213 361 2295 γνώμων
376 2213 520 2296 (γνώμην
533 2210 608 2296 ήνλ]
631 2215 688 2275 ote.
757 2214 787 2274 4.
803 2217 908 2295 κρῖναι
923 2212 1042 2282 ῖκαυῶς
1057 2212 1117 2276 οῦκ
1134 2211 1326 2295 ἀπήλλακτο]
1343 2218 1446 2294 κρῖναι

220 2303 342 2365 ἱκανῶν
365 2339 406 2350 -
431 2302 581 2366 Badham.
621 2301 800 2366 Praestaret
822 2302 932 2366 saltem
952 2305 1017 2364 τῶν
1039 2306 1143 2384 κρῖναι
1166 2303 1286 2366 ίκανῶν
1302 2339 1358 2365 -.
1387 2300 1445 2378 QU.

221 2395 276 2452 τοῦ
300 2396 403 2473 κρῖναι
426 2391 543 2462 ἱκανῶς
566 2428 623 2464 -,
648 2396 704 2455 aut
726 2396 829 2474 κρῖναι
853 2392 972 2461 ἱκανῶς
987 2392 1047 2455 οῦκ
1064 2391 1227 2462 ἀδύνατος.
1297 2393 1326 2454 6.
1342 2391 1446 2454 ἐδόκει

224 2477 283 2560 γάρ
299 2479 771 2562 (Λάμφακος)·πολυοινότατον
786 2482 912 2562 (-τος2)
934 2485 998 2544 τῶν
1013 2480 1081 2543 τότε
1097 2479 1181 2544 εἶναι.
1252 2481 1279 2542 7.
1299 2481 1350 2544 eo
1364 2505 1443 2564 προ-

225 2566 314 2650 δοσίᾳ
347 2569 519 2650 φεύγοντος
550 2570 721 2652 (φυγόντος
748 2575 832 2635 reete
857 2569 913 2650 e).
981 2570 1223 2653 λαμπροτάτους
1255 2571 1446 2652 γενομένους

221 2661 285 2720 τῶν
312 2651 548 2729 καθ”ἕαυτοῦς
575 2660 656 2742 (κατ’
681 2659 831 2742 αὐτοὺςλ)
855 2659 1025 2742 Ἑλλήνων.
1064 2659 1127 2723 Sed
1155 2660 1193 2722 of.
1219 2660 1269 2721 57.
1297 2659 1444 2742 Φιλίππῳ

220 2751 265 2809 τῶ
287 2747 402 2814 ἑαυτοῦ
426 2748 564 2830 (αῦτοῦλ)
587 2749 729 2832 ἀδελφῷ.
811 2809 813 2814 ,

305 2854 331 2917 I.
347 2855 419 2918 139.
432 2856 460 2918 2.
484 2855 705 2927 ἐπικαλοῦντες
720 2857 916 2938 έπεργασίαν·
925 2855 1109 2940 Μεγαρεῦσι
1123 2861 1178 2940 τῆς
1202 2861 1259 2940 γῆς
1281 2861 1336 2938 τῆς
1358 2857 1444 2939 ἱεράς
1464 2915 1467 2922 ,

216 2942 270 3006 καί
292 2950 347 3026 τῆς
369 2944 518 3026 ἀορίστου
541 2945 650 3028 (ἀφῶ.
718 2946 896 3029 προύλεγον
912 2985 953 2993 -
970 2946 1015 3031 μή
1040 2949 1079 3010 ἀν
1103 2946 1263 3028 γίγνεσδαι
1283 2946 1444 3029 ,(γενέσδαι

215 3033 329 3097 melius
345 3034 384 3096 A.
397 3031 441 3116 Ο.)
463 3035 606 3118 πόλεμον
629 3039 686 3099 otc.
755 3036 943 3120 ἀπεργασίαν
958 3073 1001 3082 -
1016 3043 1071 3121 τῆς
1103 3042 1161 3120 γῆς
1186 3042 1242 3120 τῆς
1269 3035 1371 3119 ἱερᾶς]
1395 3035 1444 3100 Ne

216 3121 363 3205 ἐργασίαν
386 3123 612 3207 corrigendum
640 3143 782 3210 consede,
811 3163 848 3171 —
877 3127 914 3190 of.
938 3126 1031 3190 Paus.
1055 3126 1079 3189 1.
1104 3127 1154 3189 36.
1180 3128 1208 3189 3.
1240 3126 1287 3196 ῶς
1318 3126 1365 3209 μὴ
1387 3132 1444 3189 τοῦ

215 3211 327 3275 λοιποῦ
360 3212 416 3295 τήν
447 3214 559 3296 χώραν
592 3215 822 3297 ἐπεργάζοιντο.
859 3214 1013 3300 Harpoor.
1046 3217 1079 3278 in
1108 3215 1374 3298 Ἀνδεμόκριποςε
1401 3253 1442 3262 -

204 3300 427 3384 ,ἀπαγορεύων
455 3303 562 3373 αῦτοῖς
588 3303 645 3386 τήν
667 3304 755 3388 ίεράν
777 3310 844 3368 ταῖν
866 3307 958 3370 δεαῖν
982 3304 1103 3388 ὀργάδα
1131 3305 1176 3388 μή
1204 3305 1442 3386 ἑπεργάζεσδαι.

261 3392 289 3452 3.
313 3390 436 3476 ἀφεῖτε]
469 3393 570 3476 ἀφῆτε
598 3394 637 3456 Α.
665 3393 701 3457 Β.
730 3394 763 3458 F.
801 3393 883 3459 Fort.
916 3394 1051 3478 ἀφείητε.
1134 3393 1188 3456 καί
1220 3394 1324 3457 έδόκει
1356 3396 1443 3467 ἅπαξ

215 3479 390 3560 (εἶσάπαξλ)
414 3519 455 3526 -
480 3482 724 3565 ἀποκρίνασθαι.

303 3586 326 3649 Ι.
349 3589 467 3652 140.1.
490 3588 572 3673 πρὸς
596 3589 708 3662 δὲτὰς
731 3590 901 3675 ξυμφορὰς
914 3590 975 3675 -]
1005 3590 1048 3653 of.
1072 3593 1145 3654 Eur.
1168 3589 1238 3654 Hel.
1264 3591 1336 3654 321.
1358 3590 1442 3675 πρὸς

214 3675 269 3746 τάς
290 3677 386 3760 τύχας
409 3677 444 3742 τὸ
467 3679 576 3762 χάρμα
600 3680 674 3752 τοὺς
697 3681 794 3764 γόους
815 3680 842 3744 τ’
857 3683 917 3765 ἔχε.
987 3681 1015 3744 6.
1039 3680 1139 3762 σαφὲς
1161 3683 1201 3744 ἀν
1220 3681 1442 3764 καταστήσαιτε

214 3766 335 3852 αὐτοῖς]
358 3767 458 3850 σαφές
482 3769 722 3854 έγκαταστήσετὲ
746 3772 961 3854 (καταστήσετε
985 3769 1060 3836 boni
1084 3771 1184 3852 codd.)
1213 3772 1318 3842 αὐτοῖς
1346 3775 1441 3853 (eer-

214 3858 291 3918 tum
319 3857 368 3920 iis
400 3857 607 3923 eonsilium
641 3861 870 3944 ingignetis)
902 3860 1041 3944 Madvig.
1080 3861 1145 3924 ἀπὸ
1176 3867 1235 3924 τοῦ.
1265 3863 1335 3925 ἴσου
1367 3862 1441 3944 ὑμῖν

213 3945 298 4026 (ὑμῖν
323 3946 422 4029 δεῖνΡ)
445 3947 567 4030 μᾶλλον
589 3951 838 4033 προσφέρεσδαι.

302 4052 326 4118 Ι.
352 4055 424 4116 141.
451 4056 478 4117 1.
506 4055 560 4119 καὶ
588 4056 657 4139 (καὶ
680 4059 739 4140 ήλ]
768 4057 911 4141 ἐλαχίστη
941 4057 1103 4128 δικαίωσις
1131 4056 1195 4120 ἀπὸ
1217 4062 1282 4121 τῶν
1305 4058 1440 4143 ὁμοίων]

214 4141 320 4206 Verba
343 4143 407 4207 ἀπὸ
430 4149 494 4208 τῶν
518 4146 641 4228 ὁμοίων
664 4152 811 4231 suspecto
833 4146 950 4211 habent
966 4146 1061 4211 Dobr.
1078 4147 1274 4212 Donaldson.
1343 4149 1371 4209 2.
1389 4148 1439 4210 διά

213 4229 249 4298 td
272 4233 420 4316 βραχέως
452 4235 541 4298 αὐτοὶ
565 4236 686 4316 (αὐτοῖς
709 4237 743 4300 Ε.
768 4235 920 4315 αάτοῦςλ)
952 4234 1002 4299 ἔπ’
1030 4236 1183 4321 ἀλλήλους
1208 4275 1248 4282 -
1273 4237 1440 4318 ἐπιφέρειν.

262 4323 289 4384 3.
308 4323 378 4386 οῦτε
402 4329 479 4395 ναῦς
501 4324 695 4408 πληροῦντες
717 4327 747 4406 (Ι.
764 4326 919 4410 πληροῦν)
934 4327 1006 4390 οῦτε
1021 4326 1118 4400 πεζάς
1134 4325 1276 4408 στρατιὰς
1291 4326 1442 4397 πολλάκις

212 4411 383 4494 ἐκπέμπειν
407 4413 562 4478 δύνανται.
602 4415 692 4478 Idem
715 4418 862 4499 proponit
881 4415 1083 4480 Herwerden.
1153 4417 1181 4478 6.
1205 4424 1250 4499 τῷ
1275 4416 1309 4479 δὲ
1332 4417 1440 4480 πλέονι

210 4499 242 4584 (Ι.
265 4500 398 4582 πλείονι)
421 4508 479 4568 eto.
