<?xml version="1.0" encoding="UTF-8"?>
<!DOCTYPE html PUBLIC "-//W3C//DTD XHTML 1.0 Transitional//EN"
    "http://www.w3.org/TR/xhtml1/DTD/xhtml1-transitional.dtd">
<html xmlns="http://www.w3.org/1999/xhtml" xml:lang="en" lang="en">
 <head>
  <title>
</title>
<meta http-equiv="Content-Type" content="text/html;charset=utf-8" />
  <meta name='ocr-system' content='tesseract 3.04.00' />
  <meta name='ocr-capabilities' content='ocr_page ocr_carea ocr_par ocr_line ocrx_word'/>
</head>
<body>
  <div class='ocr_page' id='page_1' title='image "./adversariainthu00blaygoog_0074.png"; bbox 0 0 3510 5338; ppageno 0'>
   <div class='ocr_carea' id='block_1_1' title="bbox 665 403 1370 465">
    <p class='ocr_par' dir='ltr' id='par_1_1' title="bbox 665 403 1370 465">
     <span class='ocr_line' id='line_1_1' title="bbox 665 403 1370 465; baseline -0.001 0"><span class='ocrx_word' id='word_1_1' title='bbox 665 419 852 465; x_wconf 71' lang='lat' dir='ltr'><strong><em>cruciamus</em></strong></span> <span class='ocrx_word' id='word_1_2' title='bbox 1329 403 1370 464; x_wconf 82' lang='grc'><strong><em>65</em></strong></span> 
     </span>
    </p>
   </div>
   <div class='ocr_carea' id='block_1_2' title="bbox 144 578 1376 2554">
    <p class='ocr_par' dir='ltr' id='par_1_2' title="bbox 144 578 1373 842">
     <span class='ocr_line' id='line_1_2' title="bbox 144 578 1373 751; baseline 0 -19"><span class='ocrx_word' id='word_1_3' title='bbox 144 578 449 732; x_wconf 55' lang='grc' dir='ltr'><strong><em>3933).ιὸωὸ</em></strong></span> <span class='ocrx_word' id='word_1_4' title='bbox 467 579 645 732; x_wconf 55' lang='lat' dir='ltr'><strong>§Mitt</strong></span> <span class='ocrx_word' id='word_1_5' title='bbox 658 578 1225 751; x_wconf 51' lang='lat' dir='ltr'><strong><em>fitu⁸iiriissi⁰tqt¹⁰ttittittt</em></strong></span> <span class='ocrx_word' id='word_1_6' title='bbox 1246 581 1373 732; x_wconf 60' lang='lat' dir='ltr'><strong>‘tait</strong></span> 
     </span>
     <span class='ocr_line' id='line_1_3' title="bbox 175 694 1373 732; baseline 0.002 -2"><span class='ocrx_word' id='word_1_7' title='bbox 175 718 181 730; x_wconf 94' lang='lat'><strong>.</strong></span> <span class='ocrx_word' id='word_1_8' title='bbox 339 719 345 732; x_wconf 88' lang='lat'><strong>.</strong></span> <span class='ocrx_word' id='word_1_9' title='bbox 437 720 443 732; x_wconf 91' lang='lat'><strong>.</strong></span> <span class='ocrx_word' id='word_1_10' title='bbox 641 694 657 731; x_wconf 96' lang='grc' dir='ltr'><strong><em>τ</em></strong></span> <span class='ocrx_word' id='word_1_11' title='bbox 758 694 783 732; x_wconf 88' lang='grc' dir='ltr'><strong><em>π</em></strong></span> <span class='ocrx_word' id='word_1_12' title='bbox 995 717 1001 730; x_wconf 96' lang='grc'><strong><em>.</em></strong></span> <span class='ocrx_word' id='word_1_13' title='bbox 1204 717 1210 730; x_wconf 94' lang='grc'><strong><em>.</em></strong></span> <span class='ocrx_word' id='word_1_14' title='bbox 1283 718 1290 731; x_wconf 96' lang='grc'><strong><em>.</em></strong></span> <span class='ocrx_word' id='word_1_15' title='bbox 1363 694 1373 732; x_wconf 92' lang='grc' dir='ltr'><strong><em>ι</em></strong></span> 
     </span>
     <span class='ocr_line' id='line_1_4' title="bbox 147 693 1371 842; baseline -0.002 -21"><span class='ocrx_word' id='word_1_16' title='bbox 147 758 364 842; x_wconf 79' lang='grc' dir='ltr'><em>δημοκρατίαν</em></span> <span class='ocrx_word' id='word_1_17' title='bbox 402 782 436 840; x_wconf 92' lang='grc' dir='ltr'><strong><em>γε</em></strong></span> <span class='ocrx_word' id='word_1_18' title='bbox 472 694 527 821; x_wconf 59' lang='lat' dir='ltr'><strong><em>itu</em></strong></span> <span class='ocrx_word' id='word_1_19' title='bbox 563 693 798 841; x_wconf 77' lang='grc' dir='ltr'><strong><em>ε’γιγνύὸκομεν</em></strong></span> <span class='ocrx_word' id='word_1_20' title='bbox 835 760 911 838; x_wconf 83' lang='grc' dir='ltr'><strong><em>(κάν</em></strong></span> <span class='ocrx_word' id='word_1_21' title='bbox 947 693 1277 840; x_wconf 55' lang='grc' dir='ltr'><strong><em>κατεγιὸνλὸσκομενῗ)</em></strong></span> <span class='ocrx_word' id='word_1_22' title='bbox 1314 763 1371 821; x_wconf 87' lang='lat' dir='ltr'><strong>etc.</strong></span> 
     </span>
    </p>

    <p class='ocr_par' dir='ltr' id='par_1_3' title="bbox 145 846 1373 1464">
     <span class='ocr_line' id='line_1_5' title="bbox 192 846 1371 931; baseline 0.002 -22"><span class='ocrx_word' id='word_1_23' title='bbox 192 851 220 909; x_wconf 84' lang='lat'><strong><em>5.</em></strong></span> <span class='ocrx_word' id='word_1_24' title='bbox 236 846 444 931; x_wconf 88' lang='grc' dir='ltr'><strong><em>προέστημεν]</em></strong></span> <span class='ocrx_word' id='word_1_25' title='bbox 462 846 571 911; x_wconf 84' lang='lat' dir='ltr'><strong>Scribe</strong></span> <span class='ocrx_word' id='word_1_26' title='bbox 586 847 797 931; x_wconf 91' lang='grc' dir='ltr'><strong><em>προύστημεν.</em></strong></span> <span class='ocrx_word' id='word_1_27' title='bbox 865 847 919 910; x_wconf 84' lang='grc' dir='ltr'><strong><em>καὶ</em></strong></span> <span class='ocrx_word' id='word_1_28' title='bbox 942 846 1037 918; x_wconf 85' lang='grc' dir='ltr'><strong><em>αὐτὸς</em></strong></span> <span class='ocrx_word' id='word_1_29' title='bbox 1055 846 1187 918; x_wconf 83' lang='grc' dir='ltr'><strong><em>οὐδενὸς</em></strong></span> <span class='ocrx_word' id='word_1_30' title='bbox 1202 849 1242 911; x_wconf 80' lang='grc' dir='ltr'><strong><em>ἂν</em></strong></span> <span class='ocrx_word' id='word_1_31' title='bbox 1256 852 1371 930; x_wconf 78' lang='grc' dir='ltr'><strong><em>χεῖρον,</em></strong></span> 
     </span>
     <span class='ocr_line' id='line_1_6' title="bbox 146 934 1373 1021; baseline 0 -21"><span class='ocrx_word' id='word_1_32' title='bbox 146 937 215 1018; x_wconf 86' lang='grc' dir='ltr'><strong><em>ὅσῳ</em></strong></span> <span class='ocrx_word' id='word_1_33' title='bbox 238 937 292 1000; x_wconf 78' lang='grc' dir='ltr'><strong><em>καὶ</em></strong></span> <span class='ocrx_word' id='word_1_34' title='bbox 314 936 502 1019; x_wconf 78' lang='grc' dir='ltr'>(ἠδίκημαι),</span> <span class='ocrx_word' id='word_1_35' title='bbox 526 936 745 1019; x_wconf 86' lang='grc' dir='ltr'><strong><em>λοιόορήσαιμι</em></strong></span> <span class='ocrx_word' id='word_1_36' title='bbox 761 938 888 1021; x_wconf 82' lang='lat' dir='ltr'><strong>supplet</strong></span> <span class='ocrx_word' id='word_1_37' title='bbox 903 934 1101 1018; x_wconf 83' lang='lat' dir='ltr'>Donaldson,</span> <span class='ocrx_word' id='word_1_38' title='bbox 1134 937 1259 1000; x_wconf 85' lang='lat' dir='ltr'><strong><em>omissis</em></strong></span> <span class='ocrx_word' id='word_1_39' title='bbox 1275 935 1373 1018; x_wconf 77' lang='grc' dir='ltr'><strong><em>αὐτὴν</em></strong></span> 
     </span>
     <span class='ocr_line' id='line_1_7' title="bbox 146 1025 1373 1110; baseline -0.002 -20"><span class='ocrx_word' id='word_1_40' title='bbox 146 1032 179 1090; x_wconf 85' lang='lat' dir='ltr'><strong>et</strong></span> <span class='ocrx_word' id='word_1_41' title='bbox 199 1025 236 1088; x_wconf 90' lang='grc' dir='ltr'><strong><em>τὰ</em></strong></span> <span class='ocrx_word' id='word_1_42' title='bbox 259 1026 388 1108; x_wconf 91' lang='grc' dir='ltr'><strong><em>μέγιστα</em></strong></span> <span class='ocrx_word' id='word_1_43' title='bbox 420 1025 475 1088; x_wconf 83' lang='grc' dir='ltr'><strong><em>ὑπ’</em></strong></span> <span class='ocrx_word' id='word_1_44' title='bbox 508 1026 605 1110; x_wconf 79' lang='grc' dir='ltr'><strong><em>αὐτῆς</em></strong></span> <span class='ocrx_word' id='word_1_45' title='bbox 636 1031 672 1089; x_wconf 90' lang='lat' dir='ltr'><strong>ut</strong></span> <span class='ocrx_word' id='word_1_46' title='bbox 703 1026 891 1091; x_wconf 78' lang='lat' dir='ltr'>scholiastae</span> <span class='ocrx_word' id='word_1_47' title='bbox 924 1026 1154 1089; x_wconf 80' lang='lat' dir='ltr'><strong><em>additamentis.</em></strong></span> <span class='ocrx_word' id='word_1_48' title='bbox 1227 1025 1296 1106; x_wconf 86' lang='grc' dir='ltr'><strong><em>ὅσῳ</em></strong></span> <span class='ocrx_word' id='word_1_49' title='bbox 1319 1025 1373 1088; x_wconf 83' lang='grc' dir='ltr'><strong><em>καί</em></strong></span> 
     </span>
     <span class='ocr_line' id='line_1_8' title="bbox 145 1114 1373 1199; baseline -0.001 -21"><span class='ocrx_word' id='word_1_50' title='bbox 145 1115 367 1197; x_wconf 83' lang='grc' dir='ltr'><strong><em>λοιδορήσαιμι</em></strong></span> <span class='ocrx_word' id='word_1_51' title='bbox 396 1114 473 1178; x_wconf 87' lang='grc' dir='ltr'><strong><em>ἀλλὰ</em></strong></span> <span class='ocrx_word' id='word_1_52' title='bbox 498 1114 556 1199; x_wconf 90' lang='grc'><strong><em>-]</em></strong></span> <span class='ocrx_word' id='word_1_53' title='bbox 585 1114 654 1196; x_wconf 86' lang='grc' dir='ltr'><strong><em>ὅσῳ</em></strong></span> <span class='ocrx_word' id='word_1_54' title='bbox 680 1117 742 1178; x_wconf 85' lang='grc' dir='ltr'><strong><em>κᾶν</em></strong></span> <span class='ocrx_word' id='word_1_55' title='bbox 769 1116 997 1198; x_wconf 84' lang='grc' dir='ltr'><strong><em>λοιδορήσαιμι.</em></strong></span> <span class='ocrx_word' id='word_1_56' title='bbox 1015 1151 1056 1159; x_wconf 99' lang='grc'>-</span> <span class='ocrx_word' id='word_1_57' title='bbox 1073 1114 1187 1177; x_wconf 88' lang='lat' dir='ltr'><strong>Blomf.</strong></span> <span class='ocrx_word' id='word_1_58' title='bbox 1216 1114 1284 1196; x_wconf 94' lang='grc' dir='ltr'><strong><em>ὅσῳ</em></strong></span> <span class='ocrx_word' id='word_1_59' title='bbox 1311 1116 1373 1178; x_wconf 87' lang='grc' dir='ltr'><strong><em>κάν</em></strong></span> 
     </span>
     <span class='ocr_line' id='line_1_9' title="bbox 145 1203 1372 1286; baseline -0.002 -19"><span class='ocrx_word' id='word_1_60' title='bbox 145 1205 366 1286; x_wconf 86' lang='grc' dir='ltr'><strong><em>λοιδορήσαιμι</em></strong></span> <span class='ocrx_word' id='word_1_61' title='bbox 388 1204 565 1286; x_wconf 84' lang='grc' dir='ltr'><strong><em>μᾶλλον-</em></strong></span> <span class='ocrx_word' id='word_1_62' title='bbox 584 1205 665 1285; x_wconf 86' lang='lat' dir='ltr'><strong>conj.</strong></span> <span class='ocrx_word' id='word_1_63' title='bbox 689 1203 850 1268; x_wconf 84' lang='lat' dir='ltr'>Linwood.</span> <span class='ocrx_word' id='word_1_64' title='bbox 889 1203 1008 1268; x_wconf 81' lang='lat' dir='ltr'><strong><em>Similis</em></strong></span> <span class='ocrx_word' id='word_1_65' title='bbox 1027 1207 1187 1268; x_wconf 84' lang='lat' dir='ltr'><strong>structura</strong></span> <span class='ocrx_word' id='word_1_66' title='bbox 1203 1208 1251 1269; x_wconf 88' lang='lat' dir='ltr'><strong>est</strong></span> <span class='ocrx_word' id='word_1_67' title='bbox 1267 1203 1304 1265; x_wconf 88' lang='lat' dir='ltr'><strong><em>V.</em></strong></span> <span class='ocrx_word' id='word_1_68' title='bbox 1322 1204 1372 1266; x_wconf 83' lang='lat'><strong><em>90.</em></strong></span> 
     </span>
     <span class='ocr_line' id='line_1_10' title="bbox 147 1292 1372 1380; baseline -0.001 -24"><span class='ocrx_word' id='word_1_69' title='bbox 147 1294 215 1375; x_wconf 90' lang='grc' dir='ltr'><strong><em>ὅσῳ</em></strong></span> <span class='ocrx_word' id='word_1_70' title='bbox 243 1293 297 1356; x_wconf 83' lang='grc' dir='ltr'><strong><em>καὶ</em></strong></span> <span class='ocrx_word' id='word_1_71' title='bbox 321 1293 370 1356; x_wconf 71' lang='lat' dir='ltr'><strong><em>au</em></strong></span> <span class='ocrx_word' id='word_1_72' title='bbox 393 1294 518 1377; x_wconf 83' lang='grc' dir='ltr'>μεγίστῃ</span> <span class='ocrx_word' id='word_1_73' title='bbox 542 1294 677 1375; x_wconf 75' lang='grc' dir='ltr'><strong><em>τιμωρίᾳ</em></strong></span> <span class='ocrx_word' id='word_1_74' title='bbox 701 1294 869 1376; x_wconf 79' lang='grc' dir='ltr'><strong><em>σφαλέντες</em></strong></span> <span class='ocrx_word' id='word_1_75' title='bbox 896 1295 935 1357; x_wconf 82' lang='grc' dir='ltr'><strong><em>ἂν</em></strong></span> <span class='ocrx_word' id='word_1_76' title='bbox 957 1299 1022 1364; x_wconf 90' lang='grc' dir='ltr'><strong><em>τοῖς</em></strong></span> <span class='ocrx_word' id='word_1_77' title='bbox 1044 1292 1149 1363; x_wconf 80' lang='grc' dir='ltr'><strong><em>ἄλλοις</em></strong></span> <span class='ocrx_word' id='word_1_78' title='bbox 1171 1293 1372 1380; x_wconf 69' lang='grc' dir='ltr'><strong><em>παράδςιγμα</em></strong></span> 
     </span>
     <span class='ocr_line' id='line_1_11' title="bbox 147 1383 300 1464; baseline -0.007 -19"><span class='ocrx_word' id='word_1_79' title='bbox 147 1383 300 1464; x_wconf 73' lang='grc' dir='ltr'><strong><em>γένοισθε.</em></strong></span> 
     </span>
    </p>

    <p class='ocr_par' dir='ltr' id='par_1_4' title="bbox 235 1486 1279 1574">
     <span class='ocr_line' id='line_1_12' title="bbox 235 1486 1279 1574; baseline 0.003 -23"><span class='ocrx_word' id='word_1_80' title='bbox 235 1488 290 1552; x_wconf 92' lang='lat' dir='ltr'><strong><em>VI.</em></strong></span> <span class='ocrx_word' id='word_1_81' title='bbox 316 1489 366 1552; x_wconf 90' lang='grc'><strong><em>90.</em></strong></span> <span class='ocrx_word' id='word_1_82' title='bbox 392 1491 420 1552; x_wconf 89' lang='lat'><strong><em>3.</em></strong></span> <span class='ocrx_word' id='word_1_83' title='bbox 443 1490 577 1573; x_wconf 78' lang='grc' dir='ltr'><strong><em>τριήρεις</em></strong></span> <span class='ocrx_word' id='word_1_84' title='bbox 598 1513 631 1553; x_wconf 91' lang='grc' dir='ltr'><strong><em>τε</em></strong></span> <span class='ocrx_word' id='word_1_85' title='bbox 653 1486 734 1569; x_wconf 69' lang='lat' dir='ltr'>(MP)</span> <span class='ocrx_word' id='word_1_86' title='bbox 756 1489 839 1573; x_wconf 84' lang='grc' dir='ltr'><strong><em>πρὸς</em></strong></span> <span class='ocrx_word' id='word_1_87' title='bbox 861 1496 926 1561; x_wconf 90' lang='grc' dir='ltr'><strong><em>ταῖς</em></strong></span> <span class='ocrx_word' id='word_1_88' title='bbox 949 1491 1113 1574; x_wconf 78' lang='grc' dir='ltr'><strong><em>ἡμετέραις</em></strong></span> <span class='ocrx_word' id='word_1_89' title='bbox 1136 1495 1193 1554; x_wconf 83' lang='lat' dir='ltr'><strong>ete.</strong></span> <span class='ocrx_word' id='word_1_90' title='bbox 1277 1561 1279 1564; x_wconf 44' lang='grc'><strong>,</strong></span> 
     </span>
    </p>

    <p class='ocr_par' dir='ltr' id='par_1_5' title="bbox 146 1576 1376 2394">
     <span class='ocr_line' id='line_1_13' title="bbox 235 1576 1374 1664; baseline -0.001 -23"><span class='ocrx_word' id='word_1_91' title='bbox 235 1578 291 1642; x_wconf 80' lang='lat' dir='ltr'><strong><em>VI·</em></strong></span> <span class='ocrx_word' id='word_1_92' title='bbox 317 1579 366 1641; x_wconf 86' lang='lat'><strong><em>91.</em></strong></span> <span class='ocrx_word' id='word_1_93' title='bbox 393 1578 531 1661; x_wconf 88' lang='grc' dir='ltr'><strong><em>1.τταρδ</em></strong></span> <span class='ocrx_word' id='word_1_94' title='bbox 554 1584 610 1642; x_wconf 81' lang='grc' dir='ltr'><strong><em>τοῦ</em></strong></span> <span class='ocrx_word' id='word_1_95' title='bbox 634 1576 693 1664; x_wconf 77' lang='grc' dir='ltr'><strong><em>[τὰ]</em></strong></span> <span class='ocrx_word' id='word_1_96' title='bbox 718 1579 926 1662; x_wconf 78' lang='grc' dir='ltr'><strong><em>ἀκριβέστατα</em></strong></span> <span class='ocrx_word' id='word_1_97' title='bbox 952 1578 1071 1649; x_wconf 79' lang='grc' dir='ltr'><strong><em>εἰδότος</em></strong></span> <span class='ocrx_word' id='word_1_98' title='bbox 1093 1579 1253 1661; x_wconf 81' lang='grc' dir='ltr'><strong><em>ἀκηκόατε</em></strong></span> <span class='ocrx_word' id='word_1_99' title='bbox 1320 1578 1374 1642; x_wconf 83' lang='grc' dir='ltr'><strong><em>καί</em></strong></span> 
     </span>
     <span class='ocr_line' id='line_1_14' title="bbox 146 1666 1373 1752; baseline 0 -22"><span class='ocrx_word' id='word_1_100' title='bbox 146 1669 206 1730; x_wconf 91' lang='grc' dir='ltr'><strong><em>ὅσα</em></strong></span> <span class='ocrx_word' id='word_1_101' title='bbox 239 1666 304 1731; x_wconf 86' lang='grc' dir='ltr'><strong><em>ἀπὸ</em></strong></span> <span class='ocrx_word' id='word_1_102' title='bbox 337 1674 394 1751; x_wconf 83' lang='grc' dir='ltr'><strong><em>γῆς</em></strong></span> <span class='ocrx_word' id='word_1_103' title='bbox 421 1667 475 1730; x_wconf 82' lang='grc' dir='ltr'><strong><em>καὶ</em></strong></span> <span class='ocrx_word' id='word_1_104' title='bbox 503 1669 713 1751; x_wconf 81' lang='grc' dir='ltr'><strong><em>δικαστηρίων</em></strong></span> <span class='ocrx_word' id='word_1_105' title='bbox 741 1670 821 1749; x_wconf 87' lang='lat' dir='ltr'>(imo</span> <span class='ocrx_word' id='word_1_106' title='bbox 850 1667 1084 1752; x_wconf 80' lang='grc' dir='ltr'><strong><em>ἐργαστηρίων).</em></strong></span> <span class='ocrx_word' id='word_1_107' title='bbox 1153 1669 1182 1730; x_wconf 86' lang='grc'><strong><em>6.</em></strong></span> <span class='ocrx_word' id='word_1_108' title='bbox 1204 1673 1261 1730; x_wconf 85' lang='grc' dir='ltr'><strong><em>τοῦ</em></strong></span> <span class='ocrx_word' id='word_1_109' title='bbox 1283 1667 1373 1731; x_wconf 89' lang='grc' dir='ltr'><strong><em>Λαυ-</em></strong></span> 
     </span>
     <span class='ocr_line' id='line_1_15' title="bbox 146 1755 1375 1841; baseline -0.002 -21"><span class='ocrx_word' id='word_1_110' title='bbox 146 1757 230 1841; x_wconf 84' lang='grc' dir='ltr'><strong><em>ρίου]</em></strong></span> <span class='ocrx_word' id='word_1_111' title='bbox 263 1756 331 1820; x_wconf 88' lang='lat' dir='ltr'><strong><em>Imo</em></strong></span> <span class='ocrx_word' id='word_1_112' title='bbox 358 1762 414 1820; x_wconf 85' lang='grc' dir='ltr'><strong><em>τοῦ</em></strong></span> <span class='ocrx_word' id='word_1_113' title='bbox 438 1756 607 1839; x_wconf 86' lang='grc' dir='ltr'><strong><em>Λαυρείου.</em></strong></span> <span class='ocrx_word' id='word_1_114' title='bbox 646 1757 743 1820; x_wconf 81' lang='lat' dir='ltr'><strong>Error</strong></span> <span class='ocrx_word' id='word_1_115' title='bbox 774 1759 936 1830; x_wconf 81' lang='lat' dir='ltr'><strong>solennis</strong></span> <span class='ocrx_word' id='word_1_116' title='bbox 992 1757 1052 1820; x_wconf 92' lang='grc' dir='ltr'><strong><em>ὅσα</em></strong></span> <span class='ocrx_word' id='word_1_117' title='bbox 1084 1755 1149 1820; x_wconf 85' lang='grc' dir='ltr'><strong><em>ἀπὸ</em></strong></span> <span class='ocrx_word' id='word_1_118' title='bbox 1177 1763 1235 1839; x_wconf 89' lang='grc' dir='ltr'><strong><em>γῆς</em></strong></span> <span class='ocrx_word' id='word_1_119' title='bbox 1267 1757 1296 1839; x_wconf 84' lang='lat' dir='ltr'><strong><em>(l.</em></strong></span> <span class='ocrx_word' id='word_1_120' title='bbox 1319 1762 1375 1839; x_wconf 85' lang='grc' dir='ltr'><strong><em>τῆς</em></strong></span> 
     </span>
     <span class='ocr_line' id='line_1_16' title="bbox 147 1845 1373 1930; baseline 0.001 -21"><span class='ocrx_word' id='word_1_121' title='bbox 147 1846 215 1929; x_wconf 83' lang='grc' dir='ltr'><strong><em>γῆς)</em></strong></span> <span class='ocrx_word' id='word_1_122' title='bbox 243 1846 297 1909; x_wconf 79' lang='grc' dir='ltr'><strong><em>καὶ</em></strong></span> <span class='ocrx_word' id='word_1_123' title='bbox 325 1846 536 1930; x_wconf 78' lang='grc' dir='ltr'><strong><em>δικαστηρίων</em></strong></span> <span class='ocrx_word' id='word_1_124' title='bbox 563 1847 823 1930; x_wconf 80' lang='grc' dir='ltr'><strong><em>(δεκατευτηρίων</em></strong></span> <span class='ocrx_word' id='word_1_125' title='bbox 852 1847 1040 1911; x_wconf 82' lang='lat' dir='ltr'><strong>dubitantur</strong></span> <span class='ocrx_word' id='word_1_126' title='bbox 1062 1845 1200 1928; x_wconf 81' lang='lat' dir='ltr'>Madvig.</span> <span class='ocrx_word' id='word_1_127' title='bbox 1228 1847 1298 1929; x_wconf 84' lang='lat' dir='ltr'><strong>lege</strong></span> <span class='ocrx_word' id='word_1_128' title='bbox 1322 1845 1373 1928; x_wconf 82' lang='grc' dir='ltr'><strong><em>ἐρ-</em></strong></span> 
     </span>
     <span class='ocr_line' id='line_1_17' title="bbox 147 1934 1373 2019; baseline 0 -21"><span class='ocrx_word' id='word_1_129' title='bbox 147 1937 335 2019; x_wconf 89' lang='grc' dir='ltr'><strong><em>γαστηρίων)</em></strong></span> <span class='ocrx_word' id='word_1_130' title='bbox 359 1941 416 1999; x_wconf 78' lang='grc' dir='ltr'><strong><em>νῦν</em></strong></span> <span class='ocrx_word' id='word_1_131' title='bbox 439 1936 645 2018; x_wconf 80' lang='grc' dir='ltr'><strong><em>ὠφελοῦνται.</em></strong></span> <span class='ocrx_word' id='word_1_132' title='bbox 723 1934 822 2019; x_wconf 80' lang='grc' dir='ltr'><strong><em>ἧσσον</em></strong></span> <span class='ocrx_word' id='word_1_133' title='bbox 845 1936 1116 2019; x_wconf 72' lang='grc' dir='ltr'><strong><em>διαφορουμένης,</em></strong></span> <span class='ocrx_word' id='word_1_134' title='bbox 1141 1937 1175 1998; x_wconf 84' lang='grc' dir='ltr'><strong><em>οἳ</em></strong></span> <span class='ocrx_word' id='word_1_135' title='bbox 1194 1973 1236 1982; x_wconf 89' lang='grc'>-</span> <span class='ocrx_word' id='word_1_136' title='bbox 1260 1934 1373 2017; x_wconf 86' lang='grc' dir='ltr'><strong><em>ὀλιγω-</em></strong></span> 
     </span>
     <span class='ocr_line' id='line_1_18' title="bbox 147 2023 1374 2109; baseline -0.002 -21"><span class='ocrx_word' id='word_1_137' title='bbox 147 2023 310 2108; x_wconf 84' lang='grc' dir='ltr'><strong><em>ρήσουσιν]</em></strong></span> <span class='ocrx_word' id='word_1_138' title='bbox 327 2023 426 2107; x_wconf 83' lang='grc' dir='ltr'><strong><em>ἧσσον</em></strong></span> <span class='ocrx_word' id='word_1_139' title='bbox 443 2024 735 2108; x_wconf 88' lang='grc' dir='ltr'><strong><em>διαπορευσομένης</em></strong></span> <span class='ocrx_word' id='word_1_140' title='bbox 749 2026 811 2106; x_wconf 86' lang='lat' dir='ltr'><strong><em>(vel</em></strong></span> <span class='ocrx_word' id='word_1_141' title='bbox 828 2025 1117 2109; x_wconf 86' lang='grc' dir='ltr'><strong><em>όιακομιουμένης),</em></strong></span> <span class='ocrx_word' id='word_1_142' title='bbox 1134 2026 1218 2088; x_wconf 92' lang='grc' dir='ltr'><strong><em>ει’-</em></strong></span> <span class='ocrx_word' id='word_1_143' title='bbox 1234 2023 1374 2108; x_wconf 83' lang='lat' dir='ltr'>Madvig,</span> 
     </span>
     <span class='ocr_line' id='line_1_19' title="bbox 148 2111 1376 2226; baseline -0.001 -49"><span class='ocrx_word' id='word_1_144' title='bbox 148 2116 203 2195; x_wconf 91' lang='lat' dir='ltr'><strong><em>qui</em></strong></span> <span class='ocrx_word' id='word_1_145' title='bbox 237 2115 277 2178; x_wconf 88' lang='lat' dir='ltr'><strong><em>de</em></strong></span> <span class='ocrx_word' id='word_1_146' title='bbox 310 2115 503 2178; x_wconf 78' lang='lat' dir='ltr'><strong>correctione</strong></span> <span class='ocrx_word' id='word_1_147' title='bbox 536 2116 565 2178; x_wconf 82' lang='grc' dir='ltr'><strong><em>εἰ</em></strong></span> <span class='ocrx_word' id='word_1_148' title='bbox 595 2115 734 2179; x_wconf 82' lang='lat' dir='ltr'><strong><em>dubitari</em></strong></span> <span class='ocrx_word' id='word_1_149' title='bbox 765 2134 831 2179; x_wconf 91' lang='lat' dir='ltr'><strong><em>non</em></strong></span> <span class='ocrx_word' id='word_1_150' title='bbox 862 2133 955 2199; x_wconf 86' lang='lat' dir='ltr'><strong>posse</strong></span> <span class='ocrx_word' id='word_1_151' title='bbox 983 2114 1155 2179; x_wconf 88' lang='lat' dir='ltr'><strong>contendit.</strong></span> <span class='ocrx_word' id='word_1_152' title='bbox 1135 2111 1296 2189; x_wconf 79' lang='lat' dir='ltr'><strong>tQu.</strong></span> <span class='ocrx_word' id='word_1_153' title='bbox 1276 2137 1376 2226; x_wconf 84' lang='grc' dir='ltr'><strong><em>ησσον</em></strong></span> 
     </span>
     <span class='ocr_line' id='line_1_20' title="bbox 147 2202 1376 2298; baseline 0 -32"><span class='ocrx_word' id='word_1_154' title='bbox 147 2205 352 2287; x_wconf 82' lang='grc' dir='ltr'><strong><em>άπαξομένης</em></strong></span> <span class='ocrx_word' id='word_1_155' title='bbox 384 2204 602 2298; x_wconf 84' lang='grc' dir='ltr'><strong><em>(προσιούσης,</em></strong></span> <span class='ocrx_word' id='word_1_156' title='bbox 636 2203 936 2288; x_wconf 70' lang='grc' dir='ltr'><strong><em>διαφορησομένηςδ</em></strong></span> <span class='ocrx_word' id='word_1_157' title='bbox 943 2206 952 2286; x_wconf 99' lang='grc'>)</span> <span class='ocrx_word' id='word_1_158' title='bbox 977 2241 1032 2266; x_wconf 90' lang='grc'><strong><em>-.</em></strong></span> <span class='ocrx_word' id='word_1_159' title='bbox 1104 2202 1141 2267; x_wconf 85' lang='grc' dir='ltr'><strong><em>τὰ</em></strong></span> <span class='ocrx_word' id='word_1_160' title='bbox 1174 2206 1249 2284; x_wconf 86' lang='grc' dir='ltr'><strong><em>παρ’</em></strong></span> <span class='ocrx_word' id='word_1_161' title='bbox 1281 2203 1376 2284; x_wconf 79' lang='grc' dir='ltr'><strong><em>ὑμῶν</em></strong></span> 
     </span>
     <span class='ocr_line' id='line_1_21' title="bbox 146 2293 551 2394; baseline 0 -38"><span class='ocrx_word' id='word_1_162' title='bbox 146 2294 233 2394; x_wconf 83' lang='grc' dir='ltr'><strong><em>(ὑμῖν</em></strong></span> <span class='ocrx_word' id='word_1_163' title='bbox 240 2293 266 2370; x_wconf 75' lang='grc' dir='ltr'><strong><em>Ρ)</em></strong></span> <span class='ocrx_word' id='word_1_164' title='bbox 288 2293 471 2375; x_wconf 91' lang='grc' dir='ltr'><strong><em>νομίσαντες</em></strong></span> <span class='ocrx_word' id='word_1_165' title='bbox 493 2297 551 2357; x_wconf 85' lang='lat' dir='ltr'><strong>etc.</strong></span> 
     </span>
    </p>

    <p class='ocr_par' dir='ltr' id='par_1_6' title="bbox 147 2359 1375 2554">
     <span class='ocr_line' id='line_1_22' title="bbox 238 2359 1375 2485; baseline 0 -23"><span class='ocrx_word' id='word_1_166' title='bbox 238 2399 292 2462; x_wconf 86' lang='lat' dir='ltr'><strong><em>Vl.</em></strong></span> <span class='ocrx_word' id='word_1_167' title='bbox 317 2401 367 2462; x_wconf 96' lang='grc'><strong><em>92</em></strong></span> <span class='ocrx_word' id='word_1_168' title='bbox 393 2401 420 2462; x_wconf 87' lang='grc'><strong><em>3.</em></strong></span> <span class='ocrx_word' id='word_1_169' title='bbox 444 2399 500 2482; x_wconf 84' lang='grc' dir='ltr'><strong><em>τὴν</em></strong></span> <span class='ocrx_word' id='word_1_170' title='bbox 532 2401 592 2463; x_wconf 84' lang='grc' dir='ltr'><strong><em>οὐκ</em></strong></span> <span class='ocrx_word' id='word_1_171' title='bbox 625 2399 724 2463; x_wconf 90' lang='grc' dir='ltr'><strong><em>ούσαν</em></strong></span> <span class='ocrx_word' id='word_1_172' title='bbox 753 2400 966 2485; x_wconf 69' lang='grc' dir='ltr'><strong><em>ἀνακτᾶσθαι]</em></strong></span> <span class='ocrx_word' id='word_1_173' title='bbox 999 2400 1055 2484; x_wconf 82' lang='grc' dir='ltr'><strong><em>τὴν</em></strong></span> <span class='ocrx_word' id='word_1_174' title='bbox 1083 2359 1186 2463; x_wconf 85' lang='grc' dir='ltr'><strong><em>οὐκέτ’</em></strong></span> <span class='ocrx_word' id='word_1_175' title='bbox 1210 2397 1309 2463; x_wconf 80' lang='grc' dir='ltr'><strong><em>οὖσάν</em></strong></span> <span class='ocrx_word' id='word_1_176' title='bbox 1333 2435 1375 2445; x_wconf 96' lang='grc'>-</span> 
     </span>
     <span class='ocr_line' id='line_1_23' title="bbox 147 2489 352 2554; baseline -0.015 -1"><span class='ocrx_word' id='word_1_177' title='bbox 147 2489 352 2554; x_wconf 87' lang='lat' dir='ltr'><strong>Herwerden.</strong></span> 
     </span>
    </p>
   </div>
   <div class='ocr_carea' id='block_1_3' title="bbox 236 2575 1374 2709">
    <p class='ocr_par' dir='ltr' id='par_1_7' title="bbox 236 2575 1374 2709">
     <span class='ocr_line' id='line_1_24' title="bbox 236 2575 1374 2709; baseline 0 -52"><span class='ocrx_word' id='word_1_178' title='bbox 236 2595 291 2659; x_wconf 85' lang='lat' dir='ltr'><strong><em>VI.</em></strong></span> <span class='ocrx_word' id='word_1_179' title='bbox 310 2597 369 2705; x_wconf 41' lang='lat'><strong><em>93.</em></strong></span> <span class='ocrx_word' id='word_1_180' title='bbox 379 2597 406 2658; x_wconf 84' lang='lat' dir='ltr'><strong><em>i.</em></strong></span> <span class='ocrx_word' id='word_1_181' title='bbox 429 2595 594 2707; x_wconf 81' lang='grc' dir='ltr'><strong><em>μέλλοντες</em></strong></span> <span class='ocrx_word' id='word_1_182' title='bbox 609 2595 647 2705; x_wconf 28' lang='grc' dir='ltr'><strong><em>’δ’</em></strong></span> <span class='ocrx_word' id='word_1_183' title='bbox 671 2597 713 2659; x_wconf 76' lang='grc' dir='ltr'><strong><em>ἔτι</em></strong></span> <span class='ocrx_word' id='word_1_184' title='bbox 736 2596 789 2709; x_wconf 37' lang='grc' dir='ltr'><strong><em>(δέ’</em></strong></span> <span class='ocrx_word' id='word_1_185' title='bbox 805 2620 832 2659; x_wconf 96' lang='grc' dir='ltr'><strong><em>τι</em></strong></span> <span class='ocrx_word' id='word_1_186' title='bbox 847 2598 887 2658; x_wconf 87' lang='lat' dir='ltr'><strong><em>A.</em></strong></span> <span class='ocrx_word' id='word_1_187' title='bbox 903 2575 939 2659; x_wconf 88' lang='grc' dir='ltr'><strong><em>Β.</em></strong></span> <span class='ocrx_word' id='word_1_188' title='bbox 955 2595 990 2659; x_wconf 86' lang='grc' dir='ltr'><strong><em>Ε.</em></strong></span> <span class='ocrx_word' id='word_1_189' title='bbox 1014 2594 1075 2680; x_wconf 56' lang='lat' dir='ltr'><strong><em>Fi]</em></strong></span> <span class='ocrx_word' id='word_1_190' title='bbox 1100 2595 1123 2659; x_wconf 90' lang='grc' dir='ltr'><strong><em>Ι.</em></strong></span> <span class='ocrx_word' id='word_1_191' title='bbox 1140 2614 1165 2659; x_wconf 85' lang='lat' dir='ltr'><strong><em>e.</em></strong></span> <span class='ocrx_word' id='word_1_192' title='bbox 1190 2600 1304 2658; x_wconf 85' lang='lat' dir='ltr'><strong>cunct</strong></span> <span class='ocrx_word' id='word_1_193' title='bbox 1310 2615 1374 2658; x_wconf 87' lang='lat' dir='ltr'><strong><em>an-</em></strong></span> 
     </span>
    </p>
   </div>
   <div class='ocr_carea' id='block_1_4' title="bbox 147 2773 1379 4592">
    <p class='ocr_par' dir='ltr' id='par_1_8' title="bbox 147 2773 1376 3036">
     <span class='ocr_line' id='line_1_25' title="bbox 147 2773 1375 2858; baseline -0.001 -21"><span class='ocrx_word' id='word_1_194' title='bbox 147 2776 181 2839; x_wconf 90' lang='grc' dir='ltr'><strong><em>τδ</em></strong></span> <span class='ocrx_word' id='word_1_195' title='bbox 205 2776 300 2858; x_wconf 62' lang='lat' dir='ltr'><strong><em>(vait)</em></strong></span> <span class='ocrx_word' id='word_1_196' title='bbox 323 2775 501 2856; x_wconf 83' lang='grc' dir='ltr'><strong><em>παραυτίκα</em></strong></span> <span class='ocrx_word' id='word_1_197' title='bbox 534 2773 588 2837; x_wconf 81' lang='grc' dir='ltr'><strong><em>καὶ</em></strong></span> <span class='ocrx_word' id='word_1_198' title='bbox 615 2776 762 2856; x_wconf 82' lang='lat' dir='ltr'><strong>(etiam)</strong></span> <span class='ocrx_word' id='word_1_199' title='bbox 789 2781 853 2845; x_wconf 90' lang='grc' dir='ltr'><strong><em>τοῖς</em></strong></span> <span class='ocrx_word' id='word_1_200' title='bbox 876 2776 910 2839; x_wconf 83' lang='grc' dir='ltr'><strong><em>ἐν</em></strong></span> <span class='ocrx_word' id='word_1_201' title='bbox 932 2781 970 2858; x_wconf 81' lang='grc' dir='ltr'><strong><em>τῇ</em></strong></span> <span class='ocrx_word' id='word_1_202' title='bbox 992 2774 1121 2856; x_wconf 77' lang='grc' dir='ltr'><strong><em>Σικελίᾳ</em></strong></span> <span class='ocrx_word' id='word_1_203' title='bbox 1148 2775 1282 2856; x_wconf 83' lang='grc' dir='ltr'><strong><em>πέμπειν</em></strong></span> <span class='ocrx_word' id='word_1_204' title='bbox 1309 2773 1375 2836; x_wconf 85' lang='grc' dir='ltr'><strong><em>τινὰ</em></strong></span> 
     </span>
     <span class='ocr_line' id='line_1_26' title="bbox 148 2862 1376 2948; baseline -0.002 -21"><span class='ocrx_word' id='word_1_205' title='bbox 148 2865 309 2947; x_wconf 86' lang='grc' dir='ltr'><strong><em>τιμωρίαν.</em></strong></span> <span class='ocrx_word' id='word_1_206' title='bbox 348 2863 438 2928; x_wconf 89' lang='lat' dir='ltr'><strong><em>Idem</em></strong></span> <span class='ocrx_word' id='word_1_207' title='bbox 462 2864 576 2928; x_wconf 85' lang='lat' dir='ltr'><strong>suadet</strong></span> <span class='ocrx_word' id='word_1_208' title='bbox 597 2862 760 2928; x_wconf 86' lang='lat' dir='ltr'><strong><em>Linwuod.</em></strong></span> <span class='ocrx_word' id='word_1_209' title='bbox 828 2862 1059 2948; x_wconf 87' lang='grc' dir='ltr'><strong><em>Κλεανδρίδου]</em></strong></span> <span class='ocrx_word' id='word_1_210' title='bbox 1092 2862 1272 2946; x_wconf 87' lang='grc' dir='ltr'><strong><em>Κλεαρίδσυ</em></strong></span> <span class='ocrx_word' id='word_1_211' title='bbox 1296 2870 1376 2946; x_wconf 81' lang='lat' dir='ltr'><strong>(sup.</strong></span> 
     </span>
     <span class='ocr_line' id='line_1_27' title="bbox 149 2951 1376 3036; baseline -0.002 -19"><span class='ocrx_word' id='word_1_212' title='bbox 149 2955 198 3034; x_wconf 85' lang='grc' dir='ltr'><strong><em>νδ)</em></strong></span> <span class='ocrx_word' id='word_1_213' title='bbox 216 2953 251 3016; x_wconf 83' lang='lat' dir='ltr'><strong><em>G.</em></strong></span> <span class='ocrx_word' id='word_1_214' title='bbox 290 2951 396 3017; x_wconf 85' lang='lat' dir='ltr'><strong>Recte.</strong></span> <span class='ocrx_word' id='word_1_215' title='bbox 435 2953 560 3017; x_wconf 88' lang='lat' dir='ltr'><strong>Numen</strong></span> <span class='ocrx_word' id='word_1_216' title='bbox 584 2952 763 3036; x_wconf 86' lang='grc' dir='ltr'><strong><em>Κλεαρίδας</em></strong></span> <span class='ocrx_word' id='word_1_217' title='bbox 786 2955 923 3018; x_wconf 83' lang='lat' dir='ltr'><strong>occurrit</strong></span> <span class='ocrx_word' id='word_1_218' title='bbox 945 2953 1002 3016; x_wconf 91' lang='lat' dir='ltr'><strong><em>IV.</em></strong></span> <span class='ocrx_word' id='word_1_219' title='bbox 1020 2955 1092 3017; x_wconf 90' lang='grc'><strong><em>132.</em></strong></span> <span class='ocrx_word' id='word_1_220' title='bbox 1109 2952 1147 3015; x_wconf 86' lang='lat' dir='ltr'><strong><em>V.</em></strong></span> <span class='ocrx_word' id='word_1_221' title='bbox 1165 2955 1193 3016; x_wconf 88' lang='grc'><strong><em>6.</em></strong></span> <span class='ocrx_word' id='word_1_222' title='bbox 1210 2954 1239 3015; x_wconf 88' lang='grc'><strong><em>8.</em></strong></span> <span class='ocrx_word' id='word_1_223' title='bbox 1258 2952 1307 3015; x_wconf 87' lang='lat'><strong><em>10.</em></strong></span> <span class='ocrx_word' id='word_1_224' title='bbox 1325 2954 1376 3015; x_wconf 83' lang='lat'><strong><em>21.</em></strong></span> 
     </span>
    </p>

    <p class='ocr_par' dir='ltr' id='par_1_9' title="bbox 149 3042 1376 3217">
     <span class='ocr_line' id='line_1_28' title="bbox 237 3042 1376 3126; baseline -0.003 -21"><span class='ocrx_word' id='word_1_225' title='bbox 237 3043 293 3105; x_wconf 91' lang='lat' dir='ltr'><strong><em>VI.</em></strong></span> <span class='ocrx_word' id='word_1_226' title='bbox 311 3043 361 3105; x_wconf 82' lang='grc'><strong><em>94.</em></strong></span> <span class='ocrx_word' id='word_1_227' title='bbox 380 3045 408 3104; x_wconf 92' lang='grc'><strong><em>2.</em></strong></span> <span class='ocrx_word' id='word_1_228' title='bbox 432 3042 467 3104; x_wconf 91' lang='grc' dir='ltr'><strong><em>τό</em></strong></span> <span class='ocrx_word' id='word_1_229' title='bbox 490 3066 522 3106; x_wconf 92' lang='grc' dir='ltr'><strong><em>τε</em></strong></span> <span class='ocrx_word' id='word_1_230' title='bbox 544 3042 655 3106; x_wconf 87' lang='grc' dir='ltr'><strong><em>πεδίον</em></strong></span> <span class='ocrx_word' id='word_1_231' title='bbox 677 3044 849 3126; x_wconf 80' lang='grc' dir='ltr'><strong><em>ἀναβάντες</em></strong></span> <span class='ocrx_word' id='word_1_232' title='bbox 873 3044 948 3125; x_wconf 83' lang='lat' dir='ltr'>(imo</span> <span class='ocrx_word' id='word_1_233' title='bbox 968 3043 1155 3126; x_wconf 83' lang='grc' dir='ltr'><strong><em>ἀποβάντες)</em></strong></span> <span class='ocrx_word' id='word_1_234' title='bbox 1179 3042 1297 3125; x_wconf 79' lang='grc' dir='ltr'><strong><em>ἐδῄουν</em></strong></span> <span class='ocrx_word' id='word_1_235' title='bbox 1320 3047 1376 3106; x_wconf 82' lang='lat' dir='ltr'><strong>etc.</strong></span> 
     </span>
     <span class='ocr_line' id='line_1_29' title="bbox 149 3130 1183 3217; baseline -0.004 -20"><span class='ocrx_word' id='word_1_236' title='bbox 149 3133 192 3197; x_wconf 80' lang='lat' dir='ltr'><strong><em>Cf.</em></strong></span> <span class='ocrx_word' id='word_1_237' title='bbox 221 3133 292 3195; x_wconf 82' lang='lat'><strong>105.</strong></span> <span class='ocrx_word' id='word_1_238' title='bbox 363 3133 391 3193; x_wconf 88' lang='grc'><strong><em>3.</em></strong></span> <span class='ocrx_word' id='word_1_239' title='bbox 416 3130 503 3215; x_wconf 83' lang='grc' dir='ltr'><strong><em>[ἄνευ</em></strong></span> <span class='ocrx_word' id='word_1_240' title='bbox 526 3137 590 3194; x_wconf 84' lang='grc' dir='ltr'><strong><em>τῶν</em></strong></span> <span class='ocrx_word' id='word_1_241' title='bbox 614 3131 733 3217; x_wconf 83' lang='grc' dir='ltr'><strong><em>ἵππων]</em></strong></span> <span class='ocrx_word' id='word_1_242' title='bbox 757 3131 835 3215; x_wconf 84' lang='grc' dir='ltr'><strong><em>μετὰ</em></strong></span> <span class='ocrx_word' id='word_1_243' title='bbox 858 3139 913 3216; x_wconf 87' lang='grc' dir='ltr'><strong><em>τῆς</em></strong></span> <span class='ocrx_word' id='word_1_244' title='bbox 937 3138 1053 3216; x_wconf 84' lang='grc' dir='ltr'><strong><em>σκευῆς</em></strong></span> <span class='ocrx_word' id='word_1_245' title='bbox 1076 3131 1183 3197; x_wconf 74' lang='lat' dir='ltr'><strong>(iubet.</strong></span> 
     </span>
    </p>

    <p class='ocr_par' dir='ltr' id='par_1_10' title="bbox 148 3219 1378 3752">
     <span class='ocr_line' id='line_1_30' title="bbox 239 3219 1378 3304; baseline 0 -21"><span class='ocrx_word' id='word_1_246' title='bbox 239 3221 293 3284; x_wconf 91' lang='lat' dir='ltr'><strong><em>VI.</em></strong></span> <span class='ocrx_word' id='word_1_247' title='bbox 306 3221 356 3285; x_wconf 92' lang='grc'><strong><em>96.</em></strong></span> <span class='ocrx_word' id='word_1_248' title='bbox 368 3223 396 3282; x_wconf 96' lang='grc'><strong><em>2.</em></strong></span> <span class='ocrx_word' id='word_1_249' title='bbox 420 3220 474 3284; x_wconf 83' lang='grc' dir='ltr'><strong><em>καὶ</em></strong></span> <span class='ocrx_word' id='word_1_250' title='bbox 490 3221 639 3303; x_wconf 80' lang='grc' dir='ltr'><strong><em>ἐπιφανὲς</em></strong></span> <span class='ocrx_word' id='word_1_251' title='bbox 662 3227 726 3284; x_wconf 88' lang='grc' dir='ltr'><strong><em>πᾶν</em></strong></span> <span class='ocrx_word' id='word_1_252' title='bbox 749 3223 839 3286; x_wconf 89' lang='grc' dir='ltr'><strong><em>εἴσω·</em></strong></span> <span class='ocrx_word' id='word_1_253' title='bbox 863 3222 917 3285; x_wconf 84' lang='grc' dir='ltr'><strong><em>καὶ</em></strong></span> <span class='ocrx_word' id='word_1_254' title='bbox 940 3219 1138 3304; x_wconf 85' lang='grc' dir='ltr'><strong><em>ὠνόμασται]</em></strong></span> <span class='ocrx_word' id='word_1_255' title='bbox 1158 3221 1213 3284; x_wconf 84' lang='grc' dir='ltr'><strong><em>καὶ</em></strong></span> <span class='ocrx_word' id='word_1_256' title='bbox 1228 3219 1378 3303; x_wconf 79' lang='grc' dir='ltr'><strong><em>ἐπιφανὲς</em></strong></span> 
     </span>
     <span class='ocr_line' id='line_1_31' title="bbox 148 3309 1376 3392; baseline -0.003 -17"><span class='ocrx_word' id='word_1_257' title='bbox 148 3318 225 3375; x_wconf 87' lang='grc' dir='ltr'><strong><em>πᾶν·</em></strong></span> <span class='ocrx_word' id='word_1_258' title='bbox 255 3311 298 3380; x_wconf 85' lang='grc' dir='ltr'><strong><em>είς</em></strong></span> <span class='ocrx_word' id='word_1_259' title='bbox 326 3312 344 3373; x_wconf 86' lang='grc' dir='ltr'>ὃ</span> <span class='ocrx_word' id='word_1_260' title='bbox 373 3309 427 3372; x_wconf 82' lang='grc' dir='ltr'><strong><em>καὶ</em></strong></span> <span class='ocrx_word' id='word_1_261' title='bbox 455 3310 638 3392; x_wconf 87' lang='grc' dir='ltr'><strong><em>ὠνόμασται</em></strong></span> <span class='ocrx_word' id='word_1_262' title='bbox 665 3310 817 3373; x_wconf 85' lang='lat' dir='ltr'>Badham.</span> <span class='ocrx_word' id='word_1_263' title='bbox 856 3310 1014 3392; x_wconf 77' lang='lat' dir='ltr'><strong><em>Praestat,</em></strong></span> <span class='ocrx_word' id='word_1_264' title='bbox 1042 3311 1078 3379; x_wconf 88' lang='lat' dir='ltr'><strong><em>ni</em></strong></span> <span class='ocrx_word' id='word_1_265' title='bbox 1105 3310 1210 3392; x_wconf 82' lang='lat' dir='ltr'><strong><em>fallor,</em></strong></span> <span class='ocrx_word' id='word_1_266' title='bbox 1234 3346 1276 3354; x_wconf 95' lang='lat'><strong>—</strong></span> <span class='ocrx_word' id='word_1_267' title='bbox 1300 3314 1376 3371; x_wconf 87' lang='grc' dir='ltr'><strong><em>πᾶν·</em></strong></span> 
     </span>
     <span class='ocr_line' id='line_1_32' title="bbox 149 3398 1378 3481; baseline -0.005 -16"><span class='ocrx_word' id='word_1_268' title='bbox 149 3401 188 3465; x_wconf 88' lang='grc' dir='ltr'><strong><em>δι’</em></strong></span> <span class='ocrx_word' id='word_1_269' title='bbox 217 3401 236 3464; x_wconf 89' lang='grc' dir='ltr'>ὁ</span> <span class='ocrx_word' id='word_1_270' title='bbox 266 3439 322 3462; x_wconf 92' lang='grc'><strong><em>-.</em></strong></span> <span class='ocrx_word' id='word_1_271' title='bbox 407 3401 434 3461; x_wconf 90' lang='grc'><strong><em>3.</em></strong></span> <span class='ocrx_word' id='word_1_272' title='bbox 463 3399 649 3473; x_wconf 81' lang='grc' dir='ltr'><strong><em>ἑξακοσίους</em></strong></span> <span class='ocrx_word' id='word_1_273' title='bbox 686 3401 766 3480; x_wconf 86' lang='grc' dir='ltr'><strong><em>(έπτ.</em></strong></span> <span class='ocrx_word' id='word_1_274' title='bbox 791 3398 838 3479; x_wconf 81' lang='lat' dir='ltr'><strong><em>G.)</em></strong></span> <span class='ocrx_word' id='word_1_275' title='bbox 863 3436 905 3444; x_wconf 90' lang='lat'><em>-</em></span> <span class='ocrx_word' id='word_1_276' title='bbox 934 3400 1096 3481; x_wconf 80' lang='grc' dir='ltr'><strong><em>ἕξέκριναν</em></strong></span> <span class='ocrx_word' id='word_1_277' title='bbox 1135 3398 1291 3480; x_wconf 90' lang='grc' dir='ltr'><strong><em>πρότερον</em></strong></span> <span class='ocrx_word' id='word_1_278' title='bbox 1323 3398 1378 3480; x_wconf 74' lang='grc' dir='ltr'><strong><em>(Ρ).</em></strong></span> 
     </span>
     <span class='ocr_line' id='line_1_33' title="bbox 148 3485 1378 3572; baseline -0.004 -19"><span class='ocrx_word' id='word_1_279' title='bbox 148 3491 230 3555; x_wconf 79' lang='lat' dir='ltr'><strong>Furt.</strong></span> <span class='ocrx_word' id='word_1_280' title='bbox 256 3490 346 3559; x_wconf 90' lang='grc' dir='ltr'><strong><em>ὅπως</em></strong></span> <span class='ocrx_word' id='word_1_281' title='bbox 369 3493 436 3551; x_wconf 85' lang='grc' dir='ltr'><strong><em>τῶν</em></strong></span> <span class='ocrx_word' id='word_1_282' title='bbox 468 3512 500 3551; x_wconf 93' lang='grc' dir='ltr'><strong><em>τε</em></strong></span> <span class='ocrx_word' id='word_1_283' title='bbox 527 3487 709 3553; x_wconf 83' lang='grc' dir='ltr'><strong><em>Ἐπιπολῶν</em></strong></span> <span class='ocrx_word' id='word_1_284' title='bbox 741 3489 848 3572; x_wconf 87' lang='grc' dir='ltr'><strong><em>εἴησαν</em></strong></span> <span class='ocrx_word' id='word_1_285' title='bbox 871 3488 1012 3570; x_wconf 91' lang='grc' dir='ltr'><strong><em>φύλακες</em></strong></span> <span class='ocrx_word' id='word_1_286' title='bbox 1034 3487 1102 3561; x_wconf 78' lang='grc' dir='ltr'><strong><em>καί,</em></strong></span> <span class='ocrx_word' id='word_1_287' title='bbox 1135 3489 1175 3570; x_wconf 78' lang='grc' dir='ltr'><strong><em>ἢν</em></strong></span> <span class='ocrx_word' id='word_1_288' title='bbox 1197 3487 1230 3557; x_wconf 79' lang='grc' dir='ltr'><strong><em>ἐς</em></strong></span> <span class='ocrx_word' id='word_1_289' title='bbox 1243 3485 1328 3557; x_wconf 67' lang='grc' dir='ltr'><strong><em>,ἄλλο</em></strong></span> <span class='ocrx_word' id='word_1_290' title='bbox 1351 3510 1378 3548; x_wconf 96' lang='grc' dir='ltr'><strong><em>τι</em></strong></span> 
     </span>
     <span class='ocr_line' id='line_1_34' title="bbox 150 3576 1376 3664; baseline -0.005 -21"><span class='ocrx_word' id='word_1_291' title='bbox 150 3581 219 3663; x_wconf 86' lang='grc' dir='ltr'><strong><em>δέη,</em></strong></span> <span class='ocrx_word' id='word_1_292' title='bbox 243 3578 321 3664; x_wconf 85' lang='grc' dir='ltr'><strong><em>ταχύ</em></strong></span> <span class='ocrx_word' id='word_1_293' title='bbox 345 3580 533 3652; x_wconf 83' lang='grc' dir='ltr'><strong><em>ξυνεστῶτες</em></strong></span> <span class='ocrx_word' id='word_1_294' title='bbox 555 3579 810 3661; x_wconf 83' lang='grc' dir='ltr'><strong><em>παραγίγνωνται</em></strong></span> <span class='ocrx_word' id='word_1_295' title='bbox 843 3580 911 3661; x_wconf 84' lang='lat' dir='ltr'><strong>(qu.</strong></span> <span class='ocrx_word' id='word_1_296' title='bbox 934 3577 1000 3651; x_wconf 77' lang='grc' dir='ltr'><strong><em>καί,</em></strong></span> <span class='ocrx_word' id='word_1_297' title='bbox 1030 3579 1059 3640; x_wconf 84' lang='grc' dir='ltr'><strong><em>εἰ</em></strong></span> <span class='ocrx_word' id='word_1_298' title='bbox 1080 3615 1121 3622; x_wconf 94' lang='grc'>-</span> <span class='ocrx_word' id='word_1_299' title='bbox 1146 3576 1225 3648; x_wconf 86' lang='grc' dir='ltr'><strong><em>δέοι,</em></strong></span> <span class='ocrx_word' id='word_1_300' title='bbox 1250 3612 1292 3620; x_wconf 91' lang='grc'><strong>-</strong></span> <span class='ocrx_word' id='word_1_301' title='bbox 1315 3598 1376 3637; x_wconf 92' lang='grc' dir='ltr'><strong><em>πα-</em></strong></span> 
     </span>
     <span class='ocr_line' id='line_1_35' title="bbox 149 3667 1098 3752; baseline -0.002 -20"><span class='ocrx_word' id='word_1_302' title='bbox 149 3670 364 3752; x_wconf 89' lang='grc' dir='ltr'><strong><em>ραγίγνοιντο).</em></strong></span> <span class='ocrx_word' id='word_1_303' title='bbox 433 3667 703 3752; x_wconf 82' lang='grc' dir='ltr'><strong><em>παραγίγνωνται]</em></strong></span> <span class='ocrx_word' id='word_1_304' title='bbox 728 3668 969 3750; x_wconf 86' lang='grc' dir='ltr'><strong><em>παραγίγνοιντο</em></strong></span> <span class='ocrx_word' id='word_1_305' title='bbox 993 3667 1098 3731; x_wconf 86' lang='lat' dir='ltr'><strong>Herw.</strong></span> 
     </span>
    </p>

    <p class='ocr_par' dir='ltr' id='par_1_11' title="bbox 149 3770 1379 4306">
     <span class='ocr_line' id='line_1_36' title="bbox 237 3770 1378 3859; baseline -0.003 -21"><span class='ocrx_word' id='word_1_306' title='bbox 237 3775 292 3839; x_wconf 90' lang='lat' dir='ltr'><strong><em>VI.</em></strong></span> <span class='ocrx_word' id='word_1_307' title='bbox 319 3777 368 3838; x_wconf 82' lang='grc'><strong><em>97.</em></strong></span> <span class='ocrx_word' id='word_1_308' title='bbox 395 3774 422 3837; x_wconf 90' lang='lat' dir='ltr'><strong><em>l.</em></strong></span> <span class='ocrx_word' id='word_1_309' title='bbox 447 3775 477 3837; x_wconf 83' lang='grc' dir='ltr'><strong><em>οἱ</em></strong></span> <span class='ocrx_word' id='word_1_310' title='bbox 501 3774 536 3838; x_wconf 86' lang='grc' dir='ltr'><strong><em>δὲ</em></strong></span> <span class='ocrx_word' id='word_1_311' title='bbox 555 3775 723 3858; x_wconf 76' lang='grc' dir='ltr'><strong><em>Ἀθηναῖοι</em></strong></span> <span class='ocrx_word' id='word_1_312' title='bbox 750 3775 864 3858; x_wconf 84' lang='grc' dir='ltr'><strong><em>ταύτης</em></strong></span> <span class='ocrx_word' id='word_1_313' title='bbox 886 3780 941 3859; x_wconf 86' lang='grc' dir='ltr'><strong><em>τῆς</em></strong></span> <span class='ocrx_word' id='word_1_314' title='bbox 963 3773 1077 3845; x_wconf 87' lang='grc' dir='ltr'><strong><em>νυκτὸς</em></strong></span> <span class='ocrx_word' id='word_1_315' title='bbox 1099 3779 1136 3857; x_wconf 82' lang='grc' dir='ltr'><strong><em>τῇ</em></strong></span> <span class='ocrx_word' id='word_1_316' title='bbox 1161 3770 1197 3858; x_wconf 82' lang='grc' dir='ltr'><strong><em>(ᾖ</em></strong></span> <span class='ocrx_word' id='word_1_317' title='bbox 1219 3779 1257 3857; x_wconf 81' lang='grc' dir='ltr'><strong><em>τῇ</em></strong></span> <span class='ocrx_word' id='word_1_318' title='bbox 1280 3772 1378 3856; x_wconf 87' lang='lat' dir='ltr'><strong>Pupp.</strong></span> 
     </span>
     <span class='ocr_line' id='line_1_37' title="bbox 149 3861 1378 3948; baseline -0.004 -18"><span class='ocrx_word' id='word_1_319' title='bbox 149 3865 294 3948; x_wconf 83' lang='lat' dir='ltr'>Madvig)</span> <span class='ocrx_word' id='word_1_320' title='bbox 327 3865 546 3947; x_wconf 85' lang='grc' dir='ltr'><strong><em>ε’πιγιγνσμένη</em></strong></span> <span class='ocrx_word' id='word_1_321' title='bbox 579 3865 684 3947; x_wconf 82' lang='grc' dir='ltr'><strong><em>ἡμέρᾳ</em></strong></span> <span class='ocrx_word' id='word_1_322' title='bbox 717 3866 904 3948; x_wconf 84' lang='grc' dir='ltr'><strong><em>ἒξητάζοντο</em></strong></span> <span class='ocrx_word' id='word_1_323' title='bbox 941 3863 995 3927; x_wconf 82' lang='grc' dir='ltr'><strong><em>καί</em></strong></span> <span class='ocrx_word' id='word_1_324' title='bbox 1026 3863 1096 3945; x_wconf 79' lang='grc' dir='ltr'><strong><em>(καί</em></strong></span> <span class='ocrx_word' id='word_1_325' title='bbox 1127 3863 1211 3927; x_wconf 85' lang='lat' dir='ltr'><strong>delet</strong></span> <span class='ocrx_word' id='word_1_326' title='bbox 1240 3861 1378 3944; x_wconf 82' lang='lat' dir='ltr'>Madvig)</span> 
     </span>
     <span class='ocr_line' id='line_1_38' title="bbox 149 3951 1379 4037; baseline -0.006 -18"><span class='ocrx_word' id='word_1_327' title='bbox 149 3955 275 4019; x_wconf 74' lang='grc' dir='ltr'><strong><em>ἔλαθον.</em></strong></span> <span class='ocrx_word' id='word_1_328' title='bbox 316 3951 373 4028; x_wconf 81' lang='lat' dir='ltr'><strong><em>Qu.</em></strong></span> <span class='ocrx_word' id='word_1_329' title='bbox 403 3989 442 3998; x_wconf 91' lang='lat'>-</span> <span class='ocrx_word' id='word_1_330' title='bbox 473 3954 540 4035; x_wconf 88' lang='grc' dir='ltr'><strong><em>ὅμα</em></strong></span> <span class='ocrx_word' id='word_1_331' title='bbox 574 3957 647 4034; x_wconf 87' lang='lat' dir='ltr'><strong>(aut</strong></span> <span class='ocrx_word' id='word_1_332' title='bbox 669 3952 722 4036; x_wconf 83' lang='grc' dir='ltr'><strong><em>ἧς)</em></strong></span> <span class='ocrx_word' id='word_1_333' title='bbox 759 3961 796 4037; x_wconf 83' lang='grc' dir='ltr'><strong><em>τῇ</em></strong></span> <span class='ocrx_word' id='word_1_334' title='bbox 830 3953 1050 4037; x_wconf 82' lang='grc' dir='ltr'><strong><em>ἐπιγιγνομένη</em></strong></span> <span class='ocrx_word' id='word_1_335' title='bbox 1084 3954 1188 4036; x_wconf 80' lang='grc' dir='ltr'><strong><em>ἡμέρᾳ</em></strong></span> <span class='ocrx_word' id='word_1_336' title='bbox 1221 3957 1279 4016; x_wconf 84' lang='lat' dir='ltr'><strong>ete.</strong></span> <span class='ocrx_word' id='word_1_337' title='bbox 1317 3951 1379 4014; x_wconf 81' lang='lat' dir='ltr'><strong><em>Vel</em></strong></span> 
     </span>
     <span class='ocr_line' id='line_1_39' title="bbox 151 4039 1379 4128; baseline -0.004 -21"><span class='ocrx_word' id='word_1_338' title='bbox 151 4082 192 4090; x_wconf 99' lang='lat'>—</span> <span class='ocrx_word' id='word_1_339' title='bbox 215 4043 237 4128; x_wconf 81' lang='grc' dir='ltr'><em>ᾖ</em></span> <span class='ocrx_word' id='word_1_340' title='bbox 262 4043 500 4126; x_wconf 80' lang='grc' dir='ltr'><strong><em>ἐπιγιγνομένης</em></strong></span> <span class='ocrx_word' id='word_1_341' title='bbox 528 4042 650 4125; x_wconf 81' lang='grc' dir='ltr'><strong><em>ἡμέρας</em></strong></span> <span class='ocrx_word' id='word_1_342' title='bbox 679 4047 752 4106; x_wconf 79' lang='lat' dir='ltr'><strong>etc·</strong></span> <span class='ocrx_word' id='word_1_343' title='bbox 827 4044 857 4104; x_wconf 95' lang='grc'><strong><em>2.</em></strong></span> <span class='ocrx_word' id='word_1_344' title='bbox 885 4043 947 4105; x_wconf 83' lang='grc' dir='ltr'><strong><em>ἔστι</em></strong></span> <span class='ocrx_word' id='word_1_345' title='bbox 976 4042 1011 4106; x_wconf 85' lang='grc' dir='ltr'><strong><em>δὲ</em></strong></span> <span class='ocrx_word' id='word_1_346' title='bbox 1038 4041 1231 4125; x_wconf 90' lang='grc' dir='ltr'><strong><em>χερσόνησος</em></strong></span> <span class='ocrx_word' id='word_1_347' title='bbox 1258 4039 1317 4122; x_wconf 86' lang='grc' dir='ltr'><strong><em>μὲν</em></strong></span> <span class='ocrx_word' id='word_1_348' title='bbox 1345 4042 1379 4102; x_wconf 81' lang='grc' dir='ltr'><strong><em>έν</em></strong></span> 
     </span>
     <span class='ocr_line' id='line_1_40' title="bbox 150 4127 1379 4214; baseline -0.003 -18"><span class='ocrx_word' id='word_1_349' title='bbox 150 4134 260 4214; x_wconf 57' lang='lat' dir='ltr'><strong><em>(dela)</em></strong></span> <span class='ocrx_word' id='word_1_350' title='bbox 288 4139 387 4214; x_wconf 79' lang='grc' dir='ltr'><strong><em>στενῷ</em></strong></span> <span class='ocrx_word' id='word_1_351' title='bbox 415 4132 525 4214; x_wconf 79' lang='grc' dir='ltr'><strong><em>ι’σὸμῷ</em></strong></span> <span class='ocrx_word' id='word_1_352' title='bbox 553 4132 740 4214; x_wconf 80' lang='grc' dir='ltr'><strong><em>προέχουσα</em></strong></span> <span class='ocrx_word' id='word_1_353' title='bbox 769 4135 827 4195; x_wconf 86' lang='lat' dir='ltr'><strong>etc.</strong></span> <span class='ocrx_word' id='word_1_354' title='bbox 897 4133 925 4194; x_wconf 92' lang='lat'><strong><em>3.</em></strong></span> <span class='ocrx_word' id='word_1_355' title='bbox 954 4131 1001 4202; x_wconf 84' lang='grc' dir='ltr'><strong><em>ὡς</em></strong></span> <span class='ocrx_word' id='word_1_356' title='bbox 1024 4132 1156 4201; x_wconf 84' lang='grc' dir='ltr'><strong><em>ἑκάστας</em></strong></span> <span class='ocrx_word' id='word_1_357' title='bbox 1178 4130 1294 4211; x_wconf 88' lang='grc' dir='ltr'><strong><em>τάχους</em></strong></span> <span class='ocrx_word' id='word_1_358' title='bbox 1317 4127 1379 4211; x_wconf 74' lang='grc' dir='ltr'><strong><em>εἶχε</em></strong></span> 
     </span>
     <span class='ocr_line' id='line_1_41' title="bbox 150 4221 397 4306; baseline -0.004 -20"><span class='ocrx_word' id='word_1_359' title='bbox 150 4223 247 4306; x_wconf 79' lang='grc' dir='ltr'><strong><em>(εἶχον</em></strong></span> <span class='ocrx_word' id='word_1_360' title='bbox 270 4221 397 4303; x_wconf 65' lang='lat' dir='ltr'><strong>Horu).</strong></span> 
     </span>
    </p>

    <p class='ocr_par' dir='ltr' id='par_1_12' title="bbox 150 4323 1379 4592">
     <span class='ocr_line' id='line_1_42' title="bbox 240 4323 1379 4410; baseline -0.005 -18"><span class='ocrx_word' id='word_1_361' title='bbox 240 4328 295 4393; x_wconf 91' lang='lat' dir='ltr'><strong><em>VI.</em></strong></span> <span class='ocrx_word' id='word_1_362' title='bbox 321 4331 371 4392; x_wconf 87' lang='lat'><strong><em>98.</em></strong></span> <span class='ocrx_word' id='word_1_363' title='bbox 397 4331 425 4391; x_wconf 92' lang='grc'><strong><em>2.</em></strong></span> <span class='ocrx_word' id='word_1_364' title='bbox 450 4328 596 4410; x_wconf 77' lang='grc' dir='ltr'><strong><em>ἐχώρουν</em></strong></span> <span class='ocrx_word' id='word_1_365' title='bbox 622 4328 704 4410; x_wconf 87' lang='grc' dir='ltr'><strong><em>πρὸς</em></strong></span> <span class='ocrx_word' id='word_1_366' title='bbox 732 4327 788 4410; x_wconf 81' lang='grc' dir='ltr'><strong><em>τὴν</em></strong></span> <span class='ocrx_word' id='word_1_367' title='bbox 815 4327 928 4410; x_wconf 82' lang='grc' dir='ltr'><strong><em>Συκῆν</em></strong></span> <span class='ocrx_word' id='word_1_368' title='bbox 957 4329 1036 4406; x_wconf 86' lang='lat' dir='ltr'>(imo</span> <span class='ocrx_word' id='word_1_369' title='bbox 1063 4326 1177 4409; x_wconf 82' lang='grc' dir='ltr'><strong><em>Τυκῆν,</em></strong></span> <span class='ocrx_word' id='word_1_370' title='bbox 1204 4324 1291 4387; x_wconf 88' lang='lat' dir='ltr'><strong><em>unde</em></strong></span> <span class='ocrx_word' id='word_1_371' title='bbox 1314 4323 1379 4388; x_wconf 76' lang='lat' dir='ltr'><strong>Lat.</strong></span> 
     </span>
     <span class='ocr_line' id='line_1_43' title="bbox 150 4413 1379 4502; baseline -0.005 -18"><span class='ocrx_word' id='word_1_372' title='bbox 150 4421 260 4502; x_wconf 82' lang='lat' dir='ltr'><strong>Tyce,</strong></span> <span class='ocrx_word' id='word_1_373' title='bbox 283 4438 349 4483; x_wconf 91' lang='lat' dir='ltr'><strong><em>non</em></strong></span> <span class='ocrx_word' id='word_1_374' title='bbox 372 4417 512 4499; x_wconf 81' lang='lat' dir='ltr'><strong>Tycha,</strong></span> <span class='ocrx_word' id='word_1_375' title='bbox 542 4422 573 4481; x_wconf 87' lang='lat' dir='ltr'><strong>et</strong></span> <span class='ocrx_word' id='word_1_376' title='bbox 587 4417 686 4500; x_wconf 83' lang='grc' dir='ltr'><strong><em>τυκὴν</em></strong></span> <span class='ocrx_word' id='word_1_377' title='bbox 709 4417 840 4480; x_wconf 83' lang='lat' dir='ltr'><strong>exhibet</strong></span> <span class='ocrx_word' id='word_1_378' title='bbox 862 4415 895 4478; x_wconf 83' lang='lat' dir='ltr'><strong><em>F.</em></strong></span> <span class='ocrx_word' id='word_1_379' title='bbox 919 4416 1017 4495; x_wconf 73' lang='lat' dir='ltr'><strong>corr).</strong></span> <span class='ocrx_word' id='word_1_380' title='bbox 1086 4416 1136 4478; x_wconf 85' lang='grc' dir='ltr'><strong><em>ἵνα</em></strong></span> <span class='ocrx_word' id='word_1_381' title='bbox 1159 4438 1219 4497; x_wconf 90' lang='grc' dir='ltr'><strong><em>περ</em></strong></span> <span class='ocrx_word' id='word_1_382' title='bbox 1242 4413 1379 4487; x_wconf 74' lang='grc' dir='ltr'><strong><em>καθεζό-</em></strong></span> 
     </span>
     <span class='ocr_line' id='line_1_44' title="bbox 150 4505 853 4592; baseline -0.009 -18"><span class='ocrx_word' id='word_1_383' title='bbox 150 4534 240 4592; x_wconf 91' lang='grc' dir='ltr'><strong><em>μενοι</em></strong></span> <span class='ocrx_word' id='word_1_384' title='bbox 263 4510 412 4590; x_wconf 79' lang='grc' dir='ltr'><strong><em>ἐτείχισαν</em></strong></span> <span class='ocrx_word' id='word_1_385' title='bbox 436 4507 625 4589; x_wconf 67' lang='grc' dir='ltr'><strong><em>(έτείχιζονῗ)</em></strong></span> <span class='ocrx_word' id='word_1_386' title='bbox 649 4505 703 4570; x_wconf 89' lang='grc' dir='ltr'><strong><em>τὸν</em></strong></span> <span class='ocrx_word' id='word_1_387' title='bbox 726 4506 853 4570; x_wconf 89' lang='grc' dir='ltr'><strong><em>κύκλον.</em></strong></span> 
     </span>
    </p>
   </div>
   <div class='ocr_carea' id='block_1_5' title="bbox 1148 4613 1168 4674">
    <p class='ocr_par' dir='ltr' id='par_1_13' title="bbox 1148 4613 1168 4674">
     <span class='ocr_line' id='line_1_45' title="bbox 1148 4613 1168 4674; baseline 0 0"><span class='ocrx_word' id='word_1_388' title='bbox 1148 4613 1168 4674; x_wconf 83' lang='grc'>5</span> 
     </span>
    </p>
   </div>
   <div class='ocr_carea' id='block_1_6' title="bbox 0 0 1767 5338">
    <p class='ocr_par' dir='ltr' id='par_1_14' title="bbox 0 0 1767 5338">
     <span class='ocr_line' id='line_1_46' title="bbox 0 0 1767 5338; baseline 0 0"><span class='ocrx_word' id='word_1_389' title='bbox 0 0 1767 5338; x_wconf 95' lang='lat' dir='ltr'><strong><em> </em></strong></span> 
     </span>
    </p>
   </div>
  </div>
 </body>
</html>
