3510 5338
378 436 419 498 06
896 456 1083 502 ττσοτοιοτε

467 613 520 677 VI.
539 615 588 679 99.
606 617 635 678 3.
657 613 712 678 καὶ
735 611 820 700 (γὰρ)
844 615 873 678 εἰ
886 613 1044 696 φθάσειαν
1063 614 1255 698 ἀποκλήσεις
1271 615 1431 697 γίγνεσθαι
1447 614 1606 696 (κωλύειν)

377 702 431 766 καλ
454 704 520 785 ἅμα
550 702 620 787 [καὶ
642 705 676 767 ἐν
698 703 817 788 τούτῳ]
846 705 875 767 εί
895 704 1097 787 ἐπιβοηθοῖεν
1120 703 1272 767 Badham.
1345 705 1536 788 ἀποκλήσεις
1559 705 1605 786 γί-

378 792 524 877 γνέσθαι]
557 793 638 856 Fert
672 793 850 876 ἀποκλῇοαι
883 793 1081 876 (ἀποκλήειν)
1109 792 1144 856 τὸ
1173 794 1276 875 ἔργον,
1305 797 1360 856 aut
1387 794 1493 856 simile
1517 793 1605 876 quid.

422 882 623 963 ἀντιπέμπειν
645 881 777 966 αὐτοὺς]
802 882 1003 964 ἀντιπέμπειν
1022 883 1127 952 αὐτοῖς
1143 883 1241 947 Bekk.
1258 902 1299 946 ex
1316 883 1396 965 conj.
1465 883 1606 953 ἐκείνους

377 969 413 1033 ἀὲ
441 972 481 1033 ἀν
513 968 606 1051 (affl)
638 972 842 1052 παυομένους
875 971 1156 1054 (ἀναπαυομένους
1179 971 1231 1051 Β.)
1267 977 1323 1035 τοῦ
1356 973 1452 1053 ἔργου
1484 973 1606 1042 πάντας

377 1059 704 1143 (πάντως1]ἀν]οω.
728 1059 773 1141 B.)
804 1059 886 1142 πρὸς
919 1066 1003 1143 σφᾶς
1034 1061 1212 1143 τρέπεσθαι.
1251 1061 1300 1124 Ita
1327 1062 1422 1123 etiam
1450 1060 1605 1142 Badham,

376 1149 495 1231 gemini
518 1150 558 1211 ἀν
581 1148 703 1212 vitandi
727 1167 829 1211 eausa.

466 1254 521 1317 VI.
548 1255 619 1317 101.
646 1257 673 1317 l.
696 1255 790 1337 μέχρι
812 1261 866 1338 τῆς
889 1256 1053 1339 θαλάσσης
1075 1256 1267 1338 ἀποτειχίσαι
1290 1256 1540 1339 (περιτειχίσαιλ).

466 1343 521 1405 VI.
547 1343 618 1405 102.
643 1345 672 1405 2.
695 1344 742 1412 ὡς
764 1344 847 1425 ἔγνω
870 1344 1047 1414 ἀδυνάτους
1070 1344 1259 1429 ἐσομένους]
1284 1346 1331 1416 ὡς
1346 1347 1428 1429 ἔγνω
1444 1346 1603 1415 ἀάύνατος

377 1432 527 1513 ἐσόμενος
550 1430 672 1512 Cobet,
695 1433 764 1496 coll.
788 1431 828 1495 ΙΙ.
855 1435 905 1495 81.
934 1434 953 1496 ἀ
978 1434 1012 1496 ἀὲ
1036 1434 1192 1504 ἀδύνατος
1219 1436 1280 1517 ἔφη
1306 1433 1382 1498 εἶναι
1405 1433 1604 1499 Ναύπακτον

377 1521 500 1604 ἐρήμην
532 1521 702 1584 ἀπολιπεῖν.
734 1521 790 1584 ΠΙ.
816 1523 866 1584 28.
900 1523 1023 1604 γνόντες
1046 1524 1320 1587 -ἀποκωλῦσαι
1354 1524 1481 1587 δυνατοὶ
1506 1525 1602 1594 ὄντες.

379 1619 381 1622 ’
421 1610 499 1683 ξύλα
531 1610 591 1673 ὅσα
622 1609 687 1693 πρὸ
718 1616 775 1673 τοῦ
803 1612 922 1694 τείχους
949 1611 989 1694 ἦν
1017 1613 1276 1696 καταβεβλημένα
1301 1614 1375 1695 (1ωο
1398 1614 1602 1696 παραβεβλη-

375 1701 469 1781 μένα,
493 1700 564 1763 coll.
589 1701 639 1762 99.
664 1700 694 1762 οῖ
717 1699 752 1762 ἀὲ
774 1701 885 1770 λίθους
908 1701 961 1763 καὶ
980 1701 1057 1774 ξύλα
1075 1704 1314 1784 ξυμφοροῦντες
1328 1702 1529 1786 παρέβαλλον
1546 1709 1604 1766 etc.

376 1789 448 1852 VH.
473 1791 501 1852 2.
524 1789 608 1852 λίθοι
630 1813 663 1852 τε
685 1791 971 1873 παραβεβλημένα.

416 1887 427 1901 “’
465 1896 520 1960 VI.
547 1898 617 1959 103.
641 1899 671 1958 4.
694 1894 837 1980 Εὐκλέα]
861 1896 1029 1979 Εὐρυκλέα
1054 1897 1090 1960 Β.
1128 1897 1272 1962 Fortasse
1295 1903 1388 1962 recte.

465 1984 520 2048 VI.
547 1985 617 2048 104.
642 1987 670 2047 2.
693 1985 750 2067 τήν
773 1985 808 2049 ἀὲ
826 1984 956 2048 Ἰταλίαν
977 1987 1175 2069 βουλόμενος
1196 1994 1398 2070 περιποιῆσαι
1422 1989 1602 2070 (περιποιεῖ-

376 2074 452 2137 σθαι
481 2081 537 2136 aut
564 2075 868 2157 περιποιήσασθαιλ]
892 2081 949 2138 ete.
1017 2076 1224 2161 πλεύσεσθαι]
1254 2074 1363 2139 Malim
1392 2077 1603 2141 πλευσεῖσθαι.

422 2166 450 2226 3.
474 2164 649 2250 ἁρπασθεὶς
682 2163 736 2226 ὑπ’
770 2163 907 2247 ἀνέμου]
941 2162 985 2227 Of.
1011 2167 1080 2226 Aet.
1105 2166 1212 2248 Apost.
1236 2163 1376 2229 XXVII.
1402 2167 1451 2228 15.
1485 2190 1602 2250 συναρ-

375 2253 553 2322 πασθέντος
577 2253 612 2315 δὲ
634 2258 690 2314 τοῦ
713 2253 834 2315 πλοίου.
902 2255 938 2322 ὃς
961 2254 1071 2316 ἐκπνεῖ
1089 2256 1184 2337 ταύτῃ
1207 2254 1323 2338 μέγας]
1348 2256 1383 2324 ὃς
1399 2256 1483 2319 ἔπνει
1506 2257 1602 2339 ταύτῃ

375 2377 418 2386 -
442 2341 593 2405 Badham.
1596 2385 1602 2420 ,

465 2448 519 2510 VI.
546 2449 617 2510 105.
642 2451 670 2512 3.
703 2447 849 2531 Πρασιάς
877 2450 931 2512 καὶ
958 2439 1024 2513 ὅσα
1047 2450 1124 2513 ἀλλα
1158 2459 1221 2533 (qn.
1250 2450 1304 2514 καὶ
1336 2451 1412 2515 ἀλλα
1446 2453 1533 2525 ἀττα,
1568 2459 1604 2516 ut

376 2544 423 2602 est
444 2539 480 2601 in
504 2537 550 2619 B.)
573 2538 722 2621 ἐὸήωσαν
743 2546 798 2621 τῆς
822 2545 887 2623 γής.

885 2734 999 2799 Liber
1022 2735 1093 2799 VII.

464 2895 536 2958 VII.
563 2897 589 2958 1.
617 2896 643 2957 1.
668 2895 873 2978 ἐβουλεύοντο
897 2897 1013 2958 εἴτε-
1031 2895 1334 2959 ἀιακινάυνεύσωσιν
1357 2897 1416 2982 -]
1446 2896 1491 2960 (11.
1514 2897 1556 2962 ΙΙ.
1574 2902 1601 2961 5.

421 2987 448 3047 2.
465 2987 503 3054 ἃς
526 2985 545 3047 ἀ
568 2984 683 3054 Νικίας
706 2983 797 3064 ὅμως
820 2985 898 3065 (ἅμα
922 2990 1006 3047 reete
1022 2983 1072 3066 D.)
1087 2985 1333 3067 πυνθανόμενος
1349 2991 1407 3051 ete.
1476 2990 1505 3049 4.
1525 2989 1600 3071 Ἀρ-

374 3072 530 3157 χωνίάου]
554 3077 608 3136 An
626 3072 837 3155 ’Λρχώνόουῖ
907 3075 934 3134 5.
954 3072 1131 3155 Ἱμεραίους
1155 3075 1190 3137 ἀὲ
1214 3074 1297 3158 (τεῖ)
1321 3075 1447 3146 ὁπλίτας
1471 3082 1529 3140 ete.

465 3178 535 3243 VH.
560 3182 589 3242 2.
614 3181 642 3243 3.
667 3181 685 3242 ὁ
709 3179 744 3243 ἀὲ
766 3178 800 3242 Γ
796 3180 847 3244 έτα
872 3181 921 3262 (γε
944 3179 980 3243 τὰ
1005 3183 1043 3244 Α.
1060 3181 1095 3244 Β.
1125 3182 1214 3263 γέιας
1229 3182 1264 3245 Ε.
1289 3187 1320 3246 et
1335 3203 1432 3267 marg.
1450 3185 1488 3247 A.
1514 3208 1548 3266 γε
1564 3182 1600 3246 D.

376 3268 409 3331 F.
434 3269 481 3350 G.)
509 3269 544 3332 τά
572 3293 604 3333 τε
631 3275 730 3353 τεῖχος
758 3270 791 3332 ἐν
818 3277 855 3353 τῇ
883 3270 1020 3352 παρόάῳ
1047 3276 1111 3335 τῶν
1133 3271 1278 3335 Σικελῶν
1301 3271 1391 3336 ἑλών.
1419 3273 1438 3335 ἀ
1462 3273 1497 3336 ἀέ
1519 3272 1553 3336 Γ
1549 3275 1601 3337 έτα

375 3383 407 3422 τε
429 3365 529 3442 τεῖχος
552 3360 684 3423 Arnold.
708 3359 869 3423 Linwood.
908 3360 948 3422 In
979 3361 1048 3423 istis
1081 3361 1152 3443 γέτα
1184 3361 1219 3423 τό
1251 3385 1283 3423 τε
1310 3360 1399 3443 latet,
1433 3364 1467 3424 ni
1500 3362 1601 3445 fallor,

374 3468 491 3512 nomen
515 3449 624 3532 oppidi
648 3449 789 3533 alicujus
863 3451 891 3511 4.
916 3449 1147 3533 ἀπετετέλεστσ]
1170 3450 1239 3513 Imo
1264 3450 1485 3524 ἐπετετέλεστο,
1509 3454 1601 3514 utin

374 3540 412 3601 A.
424 3538 460 3601 D.
471 3538 506 3601 Ε.
518 3538 550 3601 F.
562 3539 598 3602 G.
623 3539 667 3602 (11.
685 3541 713 3601 4.
731 3541 759 3600 2.
783 3539 818 3601 τὸ
842 3539 891 3602 ἐπὶ
914 3539 1059 3622 θαλάσση
1078 3546 1179 3621 τεῖχος
1195 3539 1426 3610 ἐπιτελέσαντες.
1497 3543 1525 3603 5.
1547 3541 1602 3604 τὸν

377 3626 549 3710 Τρώγιλον]
573 3628 642 3690 Imo
666 3627 720 3691 τάν
738 3627 907 3710 Τρωγίλον.
941 3628 985 3692 (11.
1004 3628 1056 3691 Vl.
1075 3630 1125 3691 99.
1192 3629 1229 3692 τὰ
1254 3628 1289 3692 ἀὲ
1303 3628 1358 3692 ’καὶ
1377 3631 1600 3713 ἐξειργασμένα

373 3716 567 3779 κατελείπετο
591 3717 814 3797 (κατελέλειπτο
832 3717 959 3798 Cobet).
999 3716 1042 3779 (11.
1067 3717 1105 3779 ad
1123 3718 1178 3781 IV.
1196 3721 1246 3781 23.
1315 3727 1361 3800 τῷ
1383 3719 1507 3804 πλέονι]
1532 3719 1601 3783 Imo

373 3811 420 3885 τῷ
442 3804 567 3867 πλείονι.

463 3909 534 3973 VII.
558 3913 587 3972 4.
615 3911 641 3970 1.
665 3911 747 3993 πρὸς
777 3911 813 3974 τὸ
846 3913 1024 3998 ἐγκάρσιον]
1054 3913 1098 3977 Ut
1130 3913 1206 3977 alibi
1229 3913 1311 3997 πρὸς
1333 3915 1368 3978 τὸ
1393 3915 1495 3998 σιμὸν,
1518 3916 1601 4000 πρὸς

374 4000 477 4082 ὀρθάς
508 4003 561 4078 (at
592 3999 695 4081 right
726 4001 871 4083 angleS,
904 4002 1036 4084 Polyb.).
1110 4004 1201 4074 ὅπως
1229 4007 1259 4068 οῖ
1286 4003 1459 4077 Ἂθςναῖοι,
1496 4007 1526 4068 εί
1553 4007 1599 4088 μή

375 4090 521 4152 ἀύναιντο
545 4089 576 4168 (1.
600 4091 639 4171 ήν
661 4089 706 4171 μὴ
733 4089 898 4172 δύνωνται)
921 4092 1075 4166 κωλύσαι,
1103 4096 1215 4176 μηκέτι
1238 4094 1352 4157 οἷοίτε
1375 4093 1453 4158 ὦσιν
1477 4095 1599 4158 ἀποτει-

373 4181 465 4262 χίσαι.
557 4180 585 4240 2.
619 4179 868 4262 ἀναβεβήκεσαν]
901 4181 970 4244 1ωο
1004 4184 1245 4266 ἀνεβεβήκεσαν.
1336 4186 1365 4245 4.
1398 4182 1599 4268 Πλημύριον]

373 4268 587 4351 Πλημμύριον
618 4269 764 4352 plerique
796 4269 885 4331 cedd.
918 4270 1015 4334 Bekk.
1065 4270 1157 4346 Quod
1188 4273 1441 4356 praeferendum.
1520 4275 1600 4356 ῥᾷον

374 4359 462 4440 αὐτῷ
485 4359 628 4440 ἐφαίνετο
652 4359 671 4441 ή
696 4357 850 4441 ἐσκομιάή
867 4363 931 4421 τῶν
947 4359 1130 4444 ἐπιτηδείων
1153 4360 1298 4446 ἔσεσθαι]
1322 4361 1371 4427 ΝΘ
1387 4363 1479 4445 ῥᾴων
1494 4363 1600 4445 requi-

372 4467 437 4528 raS,
470 4448 506 4510 cf.
530 4447 586 4510 IV.
605 4448 654 4510 10.
677 4446 723 4530 μή
757 4446 877 4528 ῥᾳάίως
909 4449 998 4530 αὐτῷ
1024 4450 1117 4513 πάλιν
1145 4452 1244 4533 ούσης
1270 4458 1326 4534 τῆς
1353 4453 1598 4535 ἀναχωρήσεως.

375 4536 444 4598 VH.
469 4537 519 4597 28.
544 4537 562 4618 ή
587 4541 651 4598 τῶν
674 4536 856 4618 ἔπιτηάείων
879 4537 1085 4620 παρακομιάή
1104 4576 1143 4584 -
1161 4541 1285 4604 θᾶσσον
1306 4539 1394 4604 ούσα.
