3510 5338
714 393 900 450 ειιτωοωεε
1377 374 1418 470 81

288 555 373 629 VIII.
391 567 441 628 45.
460 566 487 628 3.
503 565 561 627 Ιἵνα
585 565 691 628 αὐτῶν
713 563 758 646 μὴ
785 565 815 627 οῖ
836 570 945 627 ναῦται
968 555 1156 646 τὰσώματα
1179 552 1276 645 χείρω
1300 566 1421 646 (χεῖρον
1540 590 1542 594 ’

114 655 116 660 ’
196 653 313 735 Cobet.)
346 655 442 736 ἔχωσι
474 653 678 722 δαπανῶντες
709 653 742 722 ἐς
772 659 898 716 τοιαῦτα
927 651 984 733 ἀφ’
1012 651 1059 716 ών
1086 655 1106 734 ἡ
1135 653 1170 735 (ἡ
1195 652 1279 717 delet
1302 650 1421 734 Cobet.)

197 743 345 808 ἀσθένεια
369 743 539 825 ξυμβαίνει.
579 740 622 805 Of.
645 741 728 806 Xen.
744 740 827 805 Hell.
843 740 898 804 VI.
916 744 944 805 2.
962 744 1012 805 27.
1036 742 1166 824 ἄμεινον
1189 745 1265 822 (non
1288 740 1421 823 ἀμείνω)

195 833 231 896 τά
255 834 388 915 σώματα
422 833 503 913 ἔχειν
534 830 607 902 τοὺς
635 830 754 913 ἄνδρας
783 831 887 894 ἐποίει.
955 830 1009 894 τὸν
1032 831 1326 913 προσοφειλόμενον
1347 853 1420 913 μισ-

195 921 270 1007 θόν]
286 921 340 985 τὸν
355 920 630 1003 προοφειλόμενον
644 919 763 1003 μισθὸν
778 924 862 983 reete
879 917 985 983 Oobet.
1024 919 1068 983 Of.
1084 920 1124 983 ad
1138 919 1229 983 Dem.
1244 939 1273 1002 p.
1285 921 1358 1002 945,
1369 920 1420 982 20.

195 1010 397 1093 προσώφειλε
428 1010 620 1093 (προώφειλε
643 1008 762 1091 Cobet.)
793 1008 830 1071 τὰ
858 1009 970 1072 ἕνδεκα
993 1009 1134 1072 τάλαντα.
1199 1008 1421 1091 Ἑρμοκράτης

195 1098 242 1182 τε]
270 1100 350 1164 Aut.
363 1099 587 1182 Interpolatum
615 1122 647 1162 τε
675 1104 730 1162 aut
752 1099 833 1160 alius
857 1097 1003 1161 vocabuli
1029 1098 1135 1160 locum
1159 1116 1314 1180 occuparo
1337 1097 1421 1160 arbi-

144 1236 147 1244 .
196 1194 296 1252 tratur
319 1187 481 1252 Linwood.
572 1189 601 1250 4.
630 1188 829 1269 ἀναίσχυντοι
861 1185 920 1251 εἷεν
952 1187 1180 1250 πλουσιώτατοι
1212 1187 1299 1256 ὄντες
1330 1186 1420 1250 codd.

195 1278 436 1359 ἀναισχυντοῖεν,
461 1278 490 1339 εἰ
509 1277 736 1340 πλουσιώτατοι
749 1277 846 1346 ιὄντες
869 1277 952 1339 erui-t
974 1275 1113 1359 Madvig.
1188 1279 1216 1337 5.
1240 1276 1345 1358 ἐντελῆ
1362 1273 1419 1358 -]

134 1423 136 1432 ,
196 1365 241 1430 Of.
264 1367 361 1429 Arist.
378 1365 435 1448 Eq.
455 1366 547 1428 1366.
572 1367 799 1448 καταγομένοις
821 1365 875 1429 τὸν
898 1365 1016 1451 μισθὸν
1040 1365 1205 1429 ἀποδώσω
1230 1363 1335 1447 ’ντελῆ.

284 1471 372 1535 VIII.
397 1472 449 1535 46.
475 1474 502 1534 I.
525 1473 579 1536 καί
606 1473 729 1556 βασιλεῖ
753 1474 864 1546 ἐξεῖναι
892 1472 940 1535 ἀεὶ
962 1473 1062 1555 (solus
1084 1472 1131 1553 Β.)
1155 1472 1205 1536 ἐπὶ
1227 1470 1301 1542 τοὺς
1323 1473 1420 1535 αὐτοῦ

198 1561 260 1644 (ἐπὶ
282 1561 356 1632 τοὺς
379 1562 427 1625 ἀεὶ
449 1562 537 1644 αὐτῷ
561 1569 646 1626 recte
672 1561 790 1638 HerW.)
815 1561 890 1632 τοὺς
915 1563 1041 1643 ἑτέρους
1065 1563 1158 1642 ἄγειν.
1226 1562 1420 1645 εὐτελέστερα

198 1651 233 1714 δὲ
260 1651 297 1713 τὰ
322 1651 407 1714 δεινὰ
431 1649 509 1731 (τάδ’
533 1649 643 1733 alvari)
675 1652 790 1733 βραχεῖ
817 1652 924 1733 μορίῳ
955 1657 1010 1732 τῆς
1038 1651 1190 1733 δαπάνης.
1258 1653 1287 1712 4.
1312 1653 1351 1732 ἢν
1373 1651 1419 1733 μή

196 1735 409 1810 ποτεάὐτοὺς
430 1740 476 1823 μὴ
501 1739 645 1823 ἐξέλωσι]
674 1743 713 1822 ἢν
740 1740 785 1822 μὴ
810 1740 938 1813 ἐξέλωσι
962 1744 1015 1817 (se.
1038 1739 1111 1808 τοὺς
1138 1739 1334 1822 βαρβάρους)
1357 1738 1421 1802 Do·

176 1829 329 1904 vnaldson
363 1828 464 1893 Praei.
492 1829 532 1892 ad
560 1829 652 1892 Pina.
681 1849 708 1912 p.
737 1829 811 1893 XII.
850 1828 932 1892 Iort.
961 1832 1001 1911 ἢν
1030 1829 1069 1911 δή
1101 1853 1178 1892 ποτε
1209 1829 1314 1898 αὐτοῖς
1346 1827 1368 1911 ᾗ
1400 1830 1420 1911 ἡ

196 1919 336 1992 ἐξουσία,
366 1924 420 1981 aut
443 1921 483 2000 ἢν
506 1917 545 2000 δή
570 1941 647 1981 ποτε
669 1919 774 1988 αὐτοῖς
797 1919 861 2001 ἐξῇ.
930 1920 959 1980 4.
988 1916 1046 1993 Qu.
1075 1919 1129 1980 καί
1154 1918 1213 1980 οὒκ
1238 1917 1322 1987 εἰκὸς
1345 1916 1421 1980 εἶναι

111 2009 113 2014 ’
196 2006 469 2090 Λακεδαιμονίους
493 2007 557 2071 ἀπὸ
579 2007 639 2089 μέν
655 2012 748 2089 σφῶν
773 2003 1039 2093 [τῶνἙλλήνων]
1064 2007 1254 2089 ἐλευθεροῦν
1269 2012 1326 2069 νῦν
1348 2005 1422 2076 τοὺς

179 2095 354 2180 Ἕλληνας,
379 2094 450 2161 ἀπὸ.
468 2095 497 2158 δ’
521 2097 651 2160 ἐκείνων
667 2095 751 2179 [τῶν
773 2096 961 2180 βαρβάρων]
985 2099 1025 2180 ἢν
1049 2095 1105 2179 [μή
1130 2119 1206 2159 ποτε
1224 2094 1351 2178 αὐτοὺς]
1374 2095 1420 2178 μὴ

195 2186 336 2259 ἐξέλωσι,
358 2186 404 2268 μὴ
430 2185 651 2270 ἐλευθερῶσαι.
690 2185 797 2249 Verba
814 2187 859 2268 μή
876 2210 952 2249 ποτε
967 2183 1091 2257 αὐτοὺς
1105 2187 1420 2269 interpretamentum

196 2293 264 2338 esse
287 2276 413 2337 monuit
434 2272 628 2339 Donaldsoo.
697 2278 736 2356 ἢν
759 2278 804 2357 μή
833 2299 909 2338 ποτε
932 2275 1047 2346 αὐτοὺς
1069 2275 1115 2358 μὴ
1139 2273 1284 2358 ἐξελώσι]
1312 2277 1352 2357 ἢν
1374 2275 1420 2357 μή

194 2385 270 2424 ποτε
293 2362 387 2431 αὐτὸς
411 2362 538 2434 ἐξελῶσι
559 2363 696 2443 MadVIg.
736 2363 794 2438 Qu.
820 2401 861 2408 -
885 2364 1022 2436 ἐξέλωσι.
1049 2365 1135 2428 Tres
1158 2363 1421 2447 interpolationes

195 2451 247 2513 hio
270 2457 345 2513 sunt
367 2468 429 2514 seo.
453 2449 590 2533 Madvig.

284 2555 373 2619 VIII.
398 2559 448 2620 47.
473 2558 502 2618 2.
525 2557 707 2641 μνησθῆναι
730 2557 802 2639 περὶ
825 2559 922 2620 αὐτοῦ
946 2559 978 2628 ἐς
1001 2557 1094 2640 (πρὸς
1113 2556 1231 2637 Cobet.)
1254 2558 1327 2628 τοὺς
1349 2558 1420 2641 βελ-

195 2646 315 2717 τίστους
338 2646 397 2728 (ώς
418 2646 576 2729 βελτίστου
592 2646 734 2729 Madvig)
757 2647 1032 2730 τῶνάνθρώπων.
1070 2645 1246 2710 “Omnium
1266 2648 1421 2730 optimum

194 2734 421 2817 praedicabant
449 2735 535 2817 quod
562 2734 613 2798 ἐπ’
642 2735 804 2818 ὀλιγαρχίᾳ
832 2736 936 2800 redire
964 2735 1067 2800 vellet.
1094 2737 1127 2806 ἐς
1154 2735 1228 2805 τοὺς
1251 2743 1356 2799 ortum
1380 2755 1422 2799 ex

48 2853 50 2858 ,
176 2843 232 2905 'eo
256 2825 343 2906 quod
365 2824 526 2907 praecedit
547 2825 580 2894 ἐς
602 2823 675 2893 τοὺς
699 2823 966 2894 δυνατωτάτους.”
989 2825 1141 2910 (Madvig)

282 2930 371 2996 VIII.
395 2932 447 2993 48.
473 2932 500 2992 I.
525 2930 583 3007 Qu.
607 2933 654 2995 sio
677 2931 796 3002 πολλὰς
819 2933 946 3001 ἐλπίδας
970 2931 1055 3014 εἶχον
1068 2933 1169 2995 αὐτοί
1188 2931 1223 2996 θ’
1247 2933 1368 3003 ἑαυτοῖς
1391 2933 1423 2996 ot

194 3020 321 3083 δυνατοί
353 3020 581 3102 (δυνατώτατοι
604 3020 657 3102 Β.)
674 3079 677 3084 .
693 3026 757 3084 τῶν
788 3022 927 3085 πολιτῶν
958 3021 994 3084 τὰ
1027 3023 1212 3106 πράγματα,
1246 3023 1336 3104 οἵπερ
1368 3022 1421 3085 καὶ

194 3108 465 3189 ταλαιπωροῦνται
497 3110 628 3191 μάλιστα
662 3111 694 3180 ἐς
726 3111 841 3181 αὖτοὺς
874 3111 1016 3192 (ἑαυτοὺς
1040 3116 1077 3174 A.
1102 3110 1138 3173 Ε.
1163 3110 1198 3174 G.
1228 3110 1343 3181 αὐτοὺς
1366 3112 1420 3192 R),

194 3197 408 3278 περιποιήσειν
431 3197 485 3260 καὶ
508 3203 572 3260 τών
594 3198 756 3280 πολεμίων
780 3201 998 3282 ἐπικρατήσειν
1022 3202 1074 3279 (ἔτι
1090 3201 1297 3283 κρατήσεινδ).
1337 3199 1421 3276 Quid

193 3287 229 3352 in
251 3286 320 3348 istis
344 3286 434 3367 οἵπερ
451 3323 493 3331 -
510 3287 542 3355 ἐς
564 3286 679 3355 αὐτοὺς
702 3287 798 3351 lateat
812 3307 877 3356 non
893 3290 1057 3370 perspicio.
1126 3289 1190 3352 ὑπὸ
1208 3294 1273 3351 τῶν
1288 3290 1421 3370 ἑταίρων

196 3372 435 3457 [παρακληθεὶς]
464 3375 598 3439 κάτεισιν
622 3374 728 3439 cobet.
799 3379 827 3438 3.
856 3377 942 3459 σφίσι
970 3376 1005 3439 δὲ
1028 3378 1214 3460 περιοπτέον
1237 3376 1272 3457 (I.
1295 3401 1419 3459 προοπ-

194 3464 275 3544 τέον)
307 3462 384 3526 εἶναι
412 3470 504 3527 τοῦτο
531 3464 677 3546 μάλιστα,
710 3464 801 3535 ὅπως
828 3466 873 3548 μὴ
903 3466 1111 3529 στασιάσωσιν
1134 3467 1169 3548 (l.
1193 3467 1419 3540 στασιάσουσιν,

194 3553 263 3615 ooll.
288 3572 313 3615 o.
339 3554 389 3616 54.
413 3554 490 3633 eto).
530 3553 575 3617 Of.
590 3553 646 3617 IV.
666 3555 736 3616 124.
754 3556 782 3616 4.
810 3561 864 3635 τῆς
887 3554 1019 3637 Μένδης
1046 3549 1286 3637 περιορώμενος
1308 3556 1420 3637 (προο-

156 3650 167 3696 ’-
193 3642 381 3724 ρώμενοςΡλ.
443 3646 472 3704 4.
488 3651 535 3725 τῷ
545 3698 547 3702 .
557 3643 680 3725 βασιλεῖ
692 3667 723 3706 τε
739 3644 799 3706 οὐκ
816 3645 956 3726 εὔπορον
971 3642 1063 3728 εἶναι]
1087 3652 1134 3726 τῷ
1151 3669 1183 3707 τε
1197 3645 1372 3727 βασιλεῖ-
1384 3644 1419 3708 Β.

192 3739 238 3814 τῷ
260 3731 383 3815 βασιλεῖ
402 3732 483 3809 (om.'
495 3732 540 3814 τε)
564 3769 606 3778 -
630 3733 667 3795 A.
691 3732 727 3795 Ε.
750 3733 783 3796 F.
809 3733 844 3796 G.
884 3731 957 3808 Qu..
975 3734 1103 3816 βασιλέα
1137 3733 1171 3797 δέ
1199 3734 1259 3797 οὐκ
1288 3734 1421 3816 εὔλογον

194 3819 270 3882 εἶναι
295 3858 350 3882 -.
424 3820 695 3905 Πελοποννησίων
718 3822 780 3904 ἤδη
806 3823 928 3904 ὁμοίως
951 3822 1122 3905 (δμοίωνλ)
1146 3825 1179 3886 ἐν
1201 3829 1239 3906 τῇ
1262 3823 1418 3907 θαλάσση.

237 3914 301 3970 τῶν
325 3909 389 3972 ἀπὸ
413 3910 488 3991 (ὑπὸ
513 3909 631 3987 Cobet.)
650 3911 852 3994 Ἀλκιβιάδου
878 3949 919 3957 —
943 3914 1185 3994 πρασσομένων.

283 4014 371 4078 VIII.
390 4016 440 4079 50.
459 4017 486 4077 5.
510 4017 549 4079 οὐ
573 4017 680 4086 καλῶς
703 4019 869 4100 ἐκρύφθη]
894 4020 933 4081 οὐ
956 4019 1064 4089 καλῶς
1080 4021 1140 4082 οὐκ
1164 4021 1313 4103 ἐκρύφθη
1339 4022 1418 4104 conj.

193 4101 293 4165 Linw.
361 4104 483 4186 μᾶλλον
514 4108 534 4188 ἢ
567 4104 631 4168 ὑπὸ
664 4111 728 4168 τῶν
755 4107 910 4188 ἐχθίστων
938 4108 1033 4171 αὐτὸν
1061 4108 1170 4189 (αὐτὸς
1194 4107 1301 4172 Cobet
1325 4109 1420 4179 αὐτὸς

193 4194 265 4272 (aut
287 4193 401 4275 αὐτοῦ)
426 4230 467 4239 -
492 4196 571 4277 oonj.
595 4193 708 4273 LinW.)
733 4195 958 4279 διαφθαρῆναι.

282 4298 370 4363 VIII.
388 4300 438 4363 51.
456 4303 484 4362 2.
508 4301 631 4371 καλῶς
653 4300 829 4385 μέλλουσα]
854 4302 945 4379 Quod
969 4305 1009 4366 ad
1032 4304 1086 4366 καὶ
1109 4306 1155 4375 ὣς
1179 4305 1217 4368 of.
1235 4305 1285 4367 56.
1310 4304 1417 4387 ἐπειδὴ

192 4389 279 4470 ἑώρα
303 4391 422 4454 ἐκεῖνον
446 4390 568 4460 καλῶς
591 4391 630 4453 οὐ
654 4392 891 4474 ξυμβασείοντα.
904 4427 916 4443 ·
930 4391 1007 4456 Post
1032 4393 1191 4475 μέλλουσα
1214 4394 1419 4457 inserendum

192 4477 298 4540 forsan
321 4480 516 4544 ἐπιτίθεσθαι

1187 4591 1206 4654 6
