3576 5340
393 382 437 448 34
839 374 842 380 '
911 399 1099 450 εασωαιαεε

392 563 553 650 πάσεσθίιι
580 563 641 644 (ἢ]’
659 599 700 607 -
729 561 885 643 Badham‚
912 561 981 626 coll.
1010 560 1050 624 ad
1078 561 1133 625 IV.
1157 562 1208 624 28.
1245 559 1474 626 ἐπισπάσεσθαι
1506 558 1627 631 αὐτούς

394 652 497 734 ἡγεῖτο
526 649 829 734 [προθυμήσεσθαι]
854 648 1047 714 Donaldson.
1116 648 1360 733 ἐπωπάσεσθαι]
1389 648 1434 714 Of.
1458 646 1623 714 Demosth.

393 761 422 825 p.
440 741 491 822 62,
509 742 537 802 5.
558 741 723 826 φοβοῦμαι
737 740 783 823 μὴ
800 741 913 832 πάντες
929 776 969 784 -
987 739 1226 808 ἐπισπασθῶσιν
1242 775 1285 785 -
1300 738 1485 821 πολεμῆσαι.
1553 762 1622 802 πει-

394 829 501 912 ράσειν
533 828 726 913 ἀποβαίνειν]
759 829 879 894 Nonne
906 829 1112 911 πειράσεσθαι
1136 829 1200 892 -P
1290 829 1319 890 4.
1347 827 1623 912 κρατηθήσεσθαι]

389 919 609 1090 ειίμῑι
631 917 1014 1091 εμῐθγλειι..
1037 916 1325 1089 1⁶
1347 915 1624 1069 θένων

388 1097 513 1180 Ῥήγιον
544 1097 741 1179 ἤλπιζον-
765 1098 981 1180 ἐφορμοῦντες
1015 1096 1135 1178 ῥᾳδίως
1166 1095 1382 1179 χειρώσασθαι
1414 1095 1448 1178 (l.
1472 1095 1623 1178 χειρώσε-
1748 1145 1749 1154 ,

393 1186 500 1268 σθαι),
533 1185 587 1250 καί
618 1187 704 1250 οὕτω
737 1191 831 1269 σφῶν
862 1185 976 1269 ἰσχυρὰ
1008 1185 1044 1248 τὰ
1076 1186 1247 1267 πράγματα
1279 1184 1440 1267 γίγνεσθαι
1471 1185 1506 1266 (l.
1530 1184 1622 1267 γενή-

394 1275 529 1355 σεσθαι).
565 1276 615 1338 71.
647 1275 779 1356 ἤλπιζον
809 1275 918 1357 μάχην
949 1275 1091 1357 ἑκάτεραι
1113 1274 1242 1340 ἔσεσθαι
1265 1310 1309 1340 -,
1330 1274 1384 1338 καί
1408 1273 1493 1337 σύτω
1516 1273 1624 1356 σφίσιν
1749 1303 1750 1344 ]

395 1363 637 1446 ἀσφαλεστέρως
660 1365 741 1447 ἔχειν
764 1364 798 1446 (l.
822 1365 912 1444 ἕξειν]
935 1369 992 1428 etc.

483 1453 541 1516 IV.
566 1452 614 1516 10.
641 1454 723 1516 1:01
750 1453 962 1536 ξυναράμενοι
988 1452 1082 1516 τοῦδε
1107 1457 1164 1516 τοῦ
1192 1450 1355 1537 κινθύνου]
1379 1449 1423 1514 Of.
1447 1451 1486 1514 V.
1506 1453 1557 1514 28.
1582 1452 1623 1514 σύ
1750 1472 1751 1504 ι

394 1542 606 1625 ξυναράμενσι
628 1546 684 1605 τού
702 1541 842 1606 Ἀττικοῦ
865 1541 1015 1624 πολέμου.
1055 1541 1107 1606 Sic
1128 1541 1407 1624 ξυλλαμβάνεσθαί
1426 1564 1522 1614 τινος,
1546 1539 1624 1604 Eur.

393 1631 476 1695 Med.
502 1632 575 1694 942.
604 1631 805 1714 ξυλλήψομαι
833 1631 868 1696 θέ
896 1631 990 1695 ταύὸέ
1016 1654 1066 1695 σοι
1092 1630 1185 1712 κάγὼ
1211 1631 1323 1694 πόνου.
1391 1629 1427 1694 τὸ
1449 1629 1622 1714 περιεστός]
1751 1642 1752 1662 ³

393 1721 428 1785 τὸ
451 1720 622 1802 περιεστὼς
645 1720 681 1784 G.
721 1719 766 1784 Of.
791 1720 830 1784 ad
855 1719 913 1803 Eq.
938 1721 1010 1786 564.
1089 1721 1117 1784 2.
1141 1723 1181 1802 ἢν
1203 1720 1368 1802 ἐθέλωμεν
1389 1744 1422 1784 τε
1443 1725 1546 1802 μεῖναι
1563 1716 1622 1805 -]

394 1809 467 1893 Leg.
495 1812 535 1892 ἢν
563 1809 726 1892 ἐθέλωμεν
752 1811 859 1893 μεῖναί
879 1833 911 1872 τε
934 1816 991 1874 etc.
1029 1811 1097 1874 Aut
1124 1812 1164 1891 ἢν
1192 1809 1357 1892 ἐθέλωμέν
1380 1833 1415 1891 γε
1436 1814 1540 1890 μεῖναι
1562 1814 1622 1874 eto.
1752 1819 1753 1824 ’

391 1979 394 1987 y
437 1899 491 1962 καὶ
518 1899 579 1983 ούγι
611 1899 645 1961 ἐν
677 1905 717 1983 γῇ
750 1899 800 1981 (ἑν
821 1897 859 1982 ᾖ)
892 1898 1022 1981 στρατὸς
1054 1900 1137 1962 ἔσται
1169 1899 1204 1962 ἐκ
1237 1904 1293 1962 τοῦ
1325 1899 1440 1979 ὁμοίου
1474 1897 1621 1982 [μείζων]

394 1987 545 2051 Badham.
602 1990 630 2051 3.
655 1989 673 2050 ὃ
688 1986 851 2071 μενόντων
866 1988 951 2070 (μὲν)
967 1989 1062 2070 ἡμῶν
1077 1987 1247 2071 ξύμμαχον
1263 1988 1395 2069 γίγνεται
1410 1987 1624 2074 (γενήσεταιῖ),

393 2077 625 2159 ὑποχωρήσασι
657 2075 693 2139 ἀὲ
726 2076 887 2157 (ἐναντίον.
921 2077 1050 2147 ἐκείνοις
1083 2076 1159 2159 γάρ]
1190 2078 1304 2159 καίπερ
1331 2075 1470 2159 χαλεπὸν
1497 2077 1535 2140 ὂν
1564 2081 1623 2141 eto.

394 2164 500 2228 Herw.
567 2164 613 2248 μὴ
646 2164 767 2247 ῥᾳδίως
798 2166 887 2248 αύτῷ
907 2167 1017 2249 ,οὔσης
1043 2172 1099 2249 τῆς
1126 2165 1378 2251 ἀναχωρήσεως]
1412 2163 1470 2241 Qu·
1492 2165 1538 2249 μὴ
1564 2166 1624 2248 ῥᾳ·
1754 2213 1755 2218 “

395 2253 528 2325 ἑίας-.
596 2256 636 2336 ἢν
658 2254 792 2338 καίύηθ
815 2256 911 2338 ἡμῶν
932 2253 1091 2339 βιάζηται]
1116 2253 1173 2331 Qu.
1197 2257 1248 2337 (ἢ)
1272 2257 1311 2337 ἢν
1335 2291 1388 2318 -.

455 2340 458 2344 ’
482 2342 538 2406 IV.
564 2344 614 2406 11.
640 2345 667 2406 3.
692 2341 955 2427 φυλασσομένους
969 2349 1034 2408 τῶν
1049 2349 1131 2408 νεῶν
1145 2342 1191 2426 μὴ
1215 2346 1427 2426 ξυντρίψωσιν
1450 2345 1525 2425 (τῶν
1540 2349 1625 2407 νεῶν

393 2432 556 2514 ξύντριψιν
579 2425 716 2516 Madvig.
741 2453 793 2517 qu.
816 2433 959 2516 τὴντῶν
983 2438 1065 2497 νεῶν
1088 2433 1258 2516 ξύντριιγιν,
1282 2440 1338 2497 aut
1359 2433 1431 2515 περί
1453 2438 1518 2497 τῶν
1540 2438 1625 2497 νεῶν
1756 2496 1757 2516 χ

393 2521 439 2604 νὴ
464 2523 694 2604 ξυντείνουσιν]
1179 2567 1181 2572 ,
1391 2569 1393 2574 ·

483 2609 642 2673 [V.12.1.
662 2613 681 2694 ἦ
698 2611 791 2682 ἀσπὶς
805 2613 975 2695 περιερρύη
993 2613 1025 2683 ἐς
1039 2612 1096 2696 τὴν
1111 2609 1288 2694 θάλασσαν]
1306 2615 1424 2676 Annon
1440 2611 1623 2695 κατερρύηὲ

395 2699 440 2764 cf.
464 2697 537 2765 Pac.
563 2703 613 2764 71.
646 2702 807 2785 ξυνετρίβη
840 2708 895 2784 τῆς
926 2701 1069 2784 ιιεφσλῆς
1099 2701 1294 2785 καταρρυείς.
1373 2699 1623 2788 ἐλειποψύχησε]

395 2790 608 2874 ἐλιποψύχησε
628 2789 734 2854 Cobet.
774 2788 865 2865 Quod
889 2791 1118 2874 recipiendum.
1147 2789 1191 2854 cf.
1216 2790 1255 2853 ad
1273 2789 1369 2854 Isocr.
1389 2791 1502 2873 Aegin.
1527 2792 1546 2872 ᾗ
1571 2791 1623 2854 39.

391 2926 395 2936 .
441 2881 469 2942 3.
493 2879 543 2942 ἐπί
574 2878 656 2943 πολὺ
688 2879 750 2961 γὰρ
782 2880 879 2944 ἐποίει
910 2886 965 2962 τῆς
997 2878 1104 2963 ἀάξης]
1129 2879 1179 2942 ἐπὶ
1200 2878 1282 2943 πολὺ
1306 2879 1367 2962 γὰρ
1390 2879 1479 2964 ἐπῄει
1506 2879 1543 2942 τὰ
1567 2886 1624 2963 τῆς

396 2968 493 3050 άόξης
515 2968 621 3031 Ηοενι.
661 2966 705 3031 Of.
728 2968 784 3030 IV.
809 2969 837 3030 3.
861 2968 911 3031 ἐπὶ
933 2967 1015 3032 πολὺ
1038 2975 1093 3052 τῆς
1115 2969 1233 3052 χώρας.

486 3055 539 3118 lv.
566 3057 614 3118 13.
642 3057 668 3119 1.
701 3056 875 3129 ἐλπίζοντες
906 3057 942 3120 τὸ
970 3094 1012 3104 -
1039 3063 1140 3140 τεῖχος
1164 3093 1205 3104 -
1229 3057 1307 3121 ἑλεῖν
1339 3058 1432 3139 (ἑλεῖν
1464 3060 1504 3121 ἂν
1535 3063 1624 3122 recte

395 3144 536 3227 Madvig)
558 3151 723 3228 μηχαναῖς.
762 3144 804 3208 Et
827 3147 874 3209 sie
896 3146 1002 3211 Herw.
1043 3145 1088 3210 cf.
1112 3145 1195 3211 Xon.
1218 3148 1313 3230 Ages.
1336 3145 1408 3210 VII.
1432 3148 1462 3210 6.
1489 3148 1624 3231 ἤλπιζον

395 3234 474 3298 ἑλεῖν
497 3234 586 3315 (ἑλεῖν
608 3235 648 3297 ἂν
671 3233 810 3318 Madvig)
837 3233 873 3298 τὰ
900 3237 992 3319 τείχη.
1022 3234 1093 3318 (lyr.
1116 3236 1157 3300 Π.
1181 3239 1210 3302 4.
1237 3236 1286 3298 15.
1355 3238 1384 3300 2.
1407 3242 1480 3320 νῆες
1498 3274 1537 3284 -
1553 3261 1622 3301 τεσ-

395 3322 592 3406 σαράιισντα]
615 3322 684 3388 Imo
709 3358 750 3368 —
774 3324 975 3407 πεντήκοντα.
1014 3325 1058 3390 Cf.
1082 3345 1108 3389 c.
1133 3327 1174 3389 23
1190 3327 1211 3388 f.

484 3411 540 3475 IV.
553 3413 602 3476 15.
615 3413 643 3475 1.
666 3420 864 3497 παραχρῆμα
887 3415 1024 3496 ὁρῶντες
1047 3415 1068 3478 ὅ
1088 3439 1115 3478 τι
1129 3417 1170 3479 ἀν
1186 3414 1285 3501 δοκῇ]
1301 3421 1498 3498 παραχρῆμα
1516 3416 1622 3498 ἀρῶν-

395 3526 443 3573 τες
466 3497 640 3566 -'00bet.
713 3503 854 3575 σπονύάς
885 3505 1093 3588 ποιησάμενοι
1124 3503 1161 3568 τὰ
1189 3504 1281 3588 (μετὰ
1304 3504 1379 3585 τελλ)
1406 3505 1479 3587 περ]
1500 3503 1621 3569 Πύλον.

482 3589 549 3654 IV.¹
568 3593 617 3655 16.
642 3593 670 3653 2.
694 3598 778 3656 σῖτον
800 3593 970 3676 ἐσπέμπειν
996 3594 1110 3658 τακτὸν
1136 3594 1190 3658 καὶ
1216 3593 1434 3678 μεμαγμένον]
1458 3600 1541 3658 σῖτον
1563 3618 1621 3677 με-

394 3681 560 3763 μαγμένον
594 3680 708 3746 τακτὸν
739 3683 909 3764 ἐσπέμπειν
932 3681 1037 3748 Cobet.
1097 3685 1143 3748 ,3.
1166 3685 1260 3766 μέχρι
1288 3680 1327 3747 ού
1351 3684 1458 3767 (μέχρι
1481 3681 1521 3749 οὗ
1544 3683 1622 3766 ἃνλ)

395 3770 621 3834 ἐπανέλθωσιν.
661 3769 706 3833 Of.
722 3769 793 3835 VII.
810 3773 861 3835 83.
884 3773 977 3855 μέχρι
1001 3769 1040 3836 οὗ
1064 3772 1093 3837 θ’
1109 3774 1148 3836 ἂν
1166 3772 1203 3835 τὰ
1219 3773 1365 3856 χρήματα
1381 3773 1547 3857 ἀποδοθῇ,
1564 3779 1621 3838 etc.

483 3858 539 3921 IV.
566 3860 615 3922 17.
641 3861 668 3922 3.
692 3865 748 3923 τοῦ
771 3860 914 3931 πλείονος
936 3866 1022 3926 recte
1045 3861 1081 3924 B.

408 3965 410 3970 ·
483 3947 539 4010 IV.
565 3948 615 4012 18.
640 3951 668 4012 2.
700 3948 754 4012 τόν
785 3973 817 4014 τε
847 3949 989 4033 πόλεμον
1020 3951 1173 4034 νομίσωσι
1196 3950 1255 4035 -]
1287 3953 1328 4034 ἥν
1353 3975 1385 4015 τε
1412 3951 1554 4036 πόλεμον
1576 3989 1621 3998 -—

395 4036 590 4104 Donaldson.
658 4038 842 4120 σωφρόνων
865 4039 900 4103 θὲ
923 4040 1053 4123 ἀνδρῶν
1076 4041 1183 4112 οἵτινες
1198 4077 1242 4088 -—
1257 4040 1383 4124 ἔθεντο]
1407 4040 1528 4106 Eadem
1546 4063 1621 4107 con·

395 4127 526 4194 structio
550 4132 597 4192 ost
620 4126 704 4192 Xon.
733 4131 794 4192 An.
817 4127 859 4191 ΙΙ.
884 4131 912 4191 5.
937 4130 988 4193 21.
1015 4131 1195 4194 παντάπασι
1218 4131 1352 4214 ἀπόρων
1375 4129 1437 4195 ἐστὶ
1453 4169 1494 4178 -
1512 4133 1620 4202 οῖτινες

394 4215 540 4280 ἐθέλουσι
563 4221 621 4281 etc.
688 4215 813 4298 τάγαθὰ
846 4218 878 4288 ἐς
909 4219 1090 4302 ἀμφίβολον
1113 4218 1266 4302 ἀσφαλῶς
1289 4219 1411 4306 ἔθεντο]
1439 4220 1553 4303 τάγάθ’
1577 4220 1619 4284 ἔτ’

394 4305 546 4389 ἀμφίβολ’
575 4307 649 4370 ὄντα
674 4343 716 4352 -
741 4306 891 4370 Βαάὴααι.
981 4309 1239 4393 εύξυνετώτεραν]
1277 4311 1487 4392 ξυνετώτερον
1523 4311 1618 4375 idem.

436 4395 491 4459 τόν
517 4419 549 4460 τε
575 4395 717 4478 πόλεμον
746 4394 927 4479 [νομίσωσι]
955 4396 1049 4462 idem.
1116 4399 1349 4482 μεταχειρίζειν]
1377 4401 1620 4484 μεταχειρίζοιεν

391 4483 484 4550 idom.
555 4483 668 4568 [τούτῳ
687 4484 834 4569 ξυνεῖναι]
857 4484 947 4550 Idem
963 4505 1036 4550 cum
1054 4489 1092 4550 A.
1159 4489 1262 4571 τούτῳ
1285 4488 1435 4572 ξυνεῖναι]
1465 4490 1550 4554 οὕτω
1573 4513 1620 4572 τῳ
