3576 5340
669 375 856 422 reuornmrs
1335 360 1376 420 23

143 539 282 619 ρῆμονα.
351 536 583 618 ἐπιπαρένησαν
615 535 668 598 καὶ
700 542 754 618 τῆς
787 537 881 619 ἄλλης
913 537 1037 606 πόλεως
1070 537 1146 600 ὅσον
1179 537 1226 617 (ἐς
1260 537 1374 618 ὅσονΡ)

144 628 307 690 ἐδύναντο.
656 637 661 647 “

236 716 276 779 ΙΙ.
303 716 353 778 78.
380 716 406 778 1.
430 714 465 778 τδ
490 714 525 778 δὲ
552 715 648 778 πλέον
676 714 821 798 ἀφέντες]
854 714 943 779 Haec
972 735 1032 779 om.
1057 716 1094 778 A.
1118 715 1154 779 Β.
1179 714 1210 778 F.
1240 715 1375 778 secludit

144 805 283 869 Bekker.
322 805 455 886 Injuria,
483 823 556 866 nam
585 803 777 888 respondent
804 806 882 868 haee
909 805 1171 888 praecedentibus
1194 805 1293 887 μέρος
1315 805 1374 886 μέν

142 920 172 958 τι
197 901 254 959 etc.
323 892 581 976 ἐπλινδεύσαντο]
606 895 722 958 Aetiva
744 894 845 958 ferma
869 900 916 958 est
938 895 1035 958 Arist.
1057 894 1252 958 Nub.1126.
1276 896 1316 976 ἢν
1340 894 1375 958 δὲ

143 985 334 1048 πλινδεύονι
358 984 487 1066 ἴδωμεν.

235 1074 276 1137 ΙΙ,
302 1075 351 1137 79.
378 1074 405 1136 5.
437 1071 459 1156 ᾗ
492 1073 586 1136 δοκοῖ
614 1073 721 1154 (δοκεῖ
740 1072 775 1136 Ε.
805 1073 954 1156 δοκοίηῗ)
991 1073 1216 1155 προσέβαλλον.
1257 1070 1299 1134 Of.
1326 1075 1375 1136 70.

144 1163 294 1246 ἐνόμιζον
328 1163 388 1245 γὰρ
421 1164 461 1225 ἂν
489 1169 641 1245 κρατῆσαι
668 1169 723 1245 τῆς
751 1163 876 1234 πόλεως
898 1161 920 1246 ᾗ
944 1163 1112 1245 ἐβούλοντο
1150 1162 1376 1244 (βούλοιντοῗ).

192 1252 339 1336 ἔτρεψαν]
364 1251 460 1315 ι6011.
485 1250 684 1334 ἐτρέψαντο’,
708 1251 816 1316 Elmsl.
841 1273 871 1315 n.
896 1272 952 1316 me.

235 1342 275 1405 ΙΙ.
302 1343 352 1405 80.
378 1343 406 1404 5.
429 1343 609 1424 νομίζοντες
632 1379 675 1387 -
699 1342 819 1423 ῥᾳδίως
842 1344 881 1405 ἂν
905 1343 990 1423 σφίσι
1015 1341 1109 1404 τᾶλλα
1133 1341 1376 1424 προσχωρήσειν

145 1438 388 1514 (προσχωρῆσαι
416 1436 499 1496 reete
524 1429 651 1512 Cobet).
692 1431 736 1494 Of.
761 1432 811 1494 81.
837 1433 864 1494 3.
898 1431 1046 1513 ἐνόμισαν
1074 1431 1220 1514 αὐτοβοεὶ
1249 1433 1288 1493 ἂν
1319 1431 1376 1513 τῆν

144 1523 238 1584 πόλιν
261 1521 346 1585 ἑλεῖν.

236 1610 379 1674 ΙΙ.81.3.
405 1609 456 1674 διὰ
480 1609 626 1692 φυλακῆς
649 1609 788 1694 ἔχοντες]
813 1608 993 1674 017118.
1018 1608 1069 1672 διὰ
1085 1609 1231 1692 φυλακῆς
1253 1609 1374 1691 μᾶλλον

145 1701 209 1783 ῆδη
235 1702 328 1782 ἔχων.
396 1698 531 1782 ἄποθεν]
555 1697 623 1762 Imo
648 1699 782 1762 άπῶδεν
798 1702 846 1779 (ut
861 1699 895 1761 in
912 1698 944 1761 0.
961 1699 1008 1779 E)
1032 1699 1131 1762 hicet
1149 1698 1225 1761 alibi
1241 1717 1374 1781 semper.

236 1789 277 1852 II.
302 1790 353 1852 83.
380 1789 406 1850 1.
434 1788 506 1870 περ]
532 1787 587 1858 τὰς
614 1787 710 1859 αὐτάς
737 1789 859 1870 ἡμέρας
885 1794 940 1870 τῆς
968 1788 1001 1851 ἔν
1024 1787 1158 1870 Στράτῳ
1185 1786 1307 1870 μάχης]
1333 1824 1374 1833 -

145 1887 184 1963 τῆ
208 1881 242 1943 ἐν
264 1878 399 1961 Στράτῳ
422 1879 510 1960 μάχη
534 1882 619 1941 recte
642 1876 783 1961 Madvig,
808 1877 878 1941 coll.
901 1876 957 1940 IV.
984 1877 1055 1940 101.
1080 1881 1158 1940 extr.
1182 1877 1237 1940 IV.
1257 1877 1328 1940 129.
1346 1879 1375 1939 2.

146 1969 240 2032 etad
263 1969 318 2032 IV.
336 1969 388 2030 46.
407 1968 433 2029 1.
457 1967 515 2030 III.
536 1969 586 2030 82.
604 1967 632 2028 5.
702 1969 730 2030 2.
754 1967 865 2030 ἔπλεον
887 1967 947 2049 μὲν
971 1967 1030 2049 οὐχ
1054 1967 1101 2037 ῶς
1124 1967 1174 2030 ἐπὶ
1197 1967 1375 2049 ναυμαχίαν

145 2058 317 2141 (ναυμαχία
343 2057 375 2121 O.
400 2055 435 2119 G.
461 2077 512 2139 qu.
536 2057 716 2139 ναυμαχίᾳ).

234 2147 275 2210 Π.
293 2147 343 2210 84.
357 2149 385 2209 2.
409 2151 473 2210 τῶν
489 2151 571 2210 νεῶν
587 2147 716 2228 ἄμεινον
731 2145 909 2229 πλεουσῶν]
934 2145 1045 2208 Malim
1061 2151 1125 2209 τῶν
1140 2150 1223 2210 νεῶν
1238 2151 1302 2210 τῶν
1319 2182 1374 2208 -.

190 2237 354 2319 καλλίστην
378 2235 554 2320 γίγνεσθαι]
578 2236 713 2299 κάλλιστ’
737 2238 776 2299 ἀν
799 2236 959 2318 γίγνεσδαι
979 2235 1132 2299 Badham.
1170 2236 1242 2319 Ipse
1265 2235 1374 2298 malim

146 2327 281 2391 κάλλιστ’
305 2328 344 2389 ἂν
368 2326 523 2407 γενέσθαι.

234 2415 275 2478 ΙΙ.
300 2415 351 2478 85.
368 2417 397 2477 2.
421 2415 607 2498 ἐξηρτύοντο
631 2415 677 2486 ῶς
700 2414 750 2478 ἐπί
773 2415 952 2496 ναυμαχίαν
976 2415 1051 2497 (imo
1067 2416 1249 2497 ναυμαχίᾳ).
1310 2415 1375 2480 ὑπὸ

146 2507 275 2588 ἀνέμων
298 2505 351 2568 καὶ
373 2503 438 2567 ὑπὸ
462 2501 608 2589 ἀπλοίας]
631 2503 705 2587 Leg.
731 2542 771 2550 —
796 2504 849 2567 καί
873 2505 1012 2574 ἀπλοίας.

192 2589 195 2598 ’
234 2594 343 2657 ΙΙ.86.
363 2595 389 2656 1.
413 2592 703 2677 προσβεβοηδῆκει]
726 2592 795 2656 Imo
819 2594 1128 2675 προσεβεβοηδῆκει,
1153 2597 1188 2656 ut
1211 2598 1259 2658 est
1282 2594 1318 2656 in
1338 2592 1374 2656 Ε.

190 2682 459 2766 παρεκελεύσαντο
485 2682 549 2766 [καί
577 2682 696 2766 ἔλεξαν]
720 2683 825 2746 τοιάδε
844 2681 964 2763 Her·w.‚
987 2683 1057 2746 coll.
1073 2682 1097 2745 I.
1117 2683 1214 2745 1391.
1238 2681 1278 2745 ΙΙ.
1299 2683 1338 2745 10
1350 2683 1369 2744 f.

147 2776 188 2838 88
212 2775 255 2837 in.
290 2774 332 2837 90
354 2773 398 2836 in.
430 2773 485 2836 IV.
512 2773 565 2835 ef.
600 2771 653 2835 VI.
679 2773 735 2836 81
771 2773 846 2835 151
880 2773 957 2835 671.
983 2772 1059 2834 691.
1084 2776 1140 2835 είο.
1184 2770 1305 2836 Vereor
1337 2776 1373 2835 ut

145 2869 237 2929 recte.
277 2861 321 2926 Of.
349 2862 404 2925 IV.
430 2863 507 2926 941.
540 2861 764 2945 παρεκελεύετό
792 2886 823 2925 τε
851 2862 904 2926 καὶ
932 2862 1016 2943 ἔλεγε
1038 2862 1151 2925 τοιάδε.
1192 2859 1250 2936 Qu.
1274 2884 1372 2943 παρε-

146 2953 331 3018 κελεύσαντό
354 2976 386 3016 τε
410 2957 459 3016 ete

233 3043 274 3106 ΙΙ.
299 3044 349 3106 87.
375 3045 403 3104 3.
428 3041 570 3126 ἀνδρίαν]
596 3041 662 3106 [me
687 3042 842 3124 ἀνδρείαν.

234 3132 275 3195 ΙΙ.
301 3133 350 3194 89.
376 3133 403 3194 2.
429 3133 545 3195 οἴονται
565 3132 650 3213 σφίσι
666 3131 724 3215 -]
750 3134 866 3195 οἴονται
889 3137 978 3213 σφεῖς
995 3167 1037 3176 -
1052 3130 1204 3194 Badham.
1274 3131 1312 3194 οὐ
1333 3127 1373 3194 δι’

148 3221 221 3284 ἀλλο
253 3245 280 3283 τι
312 3222 487 3302 δαρσοῦσιν
511 3223 530 3302 ῆ
556 3220 606 3283 διά
634 3221 690 3304 τῆν
719 3224 752 3284 ἐν
779 3229 825 3303 τῷ
848 3222 937 3302 πεζῷ
960 3219 1122 3302 ἐμπειρίαν
1146 3259 1188 3268 -
1212 3220 1266 3282 καὶ
1289 3222 1372 3284 σῖον«

147 3334 194 3372 ται
218 3311 303 3392 σφίσι
336 3309 404 3384 (καλ
431 3309 466 3372 τό
495 3310 653 3388 οἷἐσδαιῖ)
686 3309 740 3371 καλ
768 3309 801 3372 ἔν
823 3317 870 3390 τῷ
898 3318 1037 3391 ναυτικῷ
1063 3310 1204 3391 ποιήσειν
1227 3309 1262 3371 τὸ
1287 3309 1372 3372 αὐτό.

190 3407 237 3482 τῷ
269 3398 303 3462 δέ
335 3399 479 3480 ἑκάτεροί
507 3422 534 3460 τι
567 3401 642 3476 (om.
666 3398 704 3461 A.
728 3398 764 3460 Β.
788 3397 821 3460 F.
855 3397 987 3461 fortasse
1020 3399 1119 3478 recte)
1157 3398 1373 3479 ἐμπειρότεροι

148 3488 222 3553 εἶναι
246 3494 302 3551 etc.
373 3489 400 3550 3.
423 3487 468 3570 μῆ
497 3487 667 3569 μέλλοντάς
693 3511 720 3550 τι
744 3488 832 3560 ἀξιον
860 3493 915 3550 τοῦ
939 3486 1026 3569 παρὰ
1050 3485 1132 3549 πολὺ
1155 3485 1298 3569 πράξειν]
1327 3486 1372 3569 μὴ

146 3578 315 3661 μέλλοντάς
341 3603 368 3640 τι
391 3578 480 3651 ἀξιον
502 3583 557 3641 τοῦ
581 3577 668 3659 παρὰ
691 3576 773 3640 πολὺ
790 3583 914 3660 νικῆσαι
937 3578 984 3660 (ut
998 3578 1034 3639 in
1048 3576 1191 3659 praeced.
1214 3576 1369 3658 ῆσσηδέν-

146 3693 193 3739 τες
215 3667 303 3748 παρὰ
326 3666 418 3746 πολὺ)
442 3667 594 3731 Badhem.
661 3666 706 3750 μῆ
730 3667 901 3749 μέλλοντάς
932 3689 959 3728 τι
987 3667 1075 3739 ἀξιον
1101 3671 1157 3728 τοῦ
1181 3664 1268 3748 παρὰ
1292 3665 1373 3730 πολὺ

147 3761 210 3838 (τοῦ
234 3758 403 3838 παράπλου
432 3757 597 3840 ingeniose
620 3756 739 3837 Herw.‚
772 3756 841 3820 coll.
866 3755 916 3820 82.
942 3757 960 3837 ᾗ
985 3758 1013 3818 2.
1042 3755 1239 3838 παρέπλευσε
1263 3755 1297 3820 δὲ
1320 3756 1374 3819 καί

37 3883 42 3889 ·
148 3850 164 3912 ό
191 3848 345 3929 Φορμίων
377 3847 427 3910 ἐπὶ
458 3846 493 3910 τὸ
517 3847 600 3910 Ῥίον
623 3847 700 3928 ete).
740 3845 782 3909 01
811 3846 845 3908 V.
871 3847 921 3909 60.
955 3845 1049 3910 οὐδὲν
1082 3846 1253 3928 δράσαντες
1285 3846 1374 3919 ἄξιον

147 3945 199 4019 τῆς
221 3942 434 4018 παρασκευῆς.
525 3938 554 3998 4.
589 3937 749 3999 ἀντίπαλοι
780 3935 840 4018 μὲν
873 3935 933 4018 γὰρ
967 3937 997 3999 οί
1027 3936 1153 4006 πλείους
1186 3938 1220 4017 (ἢ
1247 3935 1373 4005 πλείους

149 4026 285 4108 Madvig)
310 4030 367 4088 ete.
437 4026 466 4088 οἱ
495 4024 523 4087 δ’
548 4026 582 4088 ἐκ
619 4027 730 4107 πολλῷ
761 4024 1011 4109 ὑποδεεστέρων]
1045 4026 1075 4088 οί
1109 4025 1143 4089 δὲ
1176 4023 1229 4087 καί
1261 4024 1373 4106 πολλῷ

147 4116 364 4196 ὑποδεέστεροι
395 4113 547 4178 Badham.
640 4117 667 4176 5.
700 4114 894 4197 στρατόπεδα
927 4114 989 4197 ἤδη
1022 4113 1143 4196 ἔπεσεν]
1177 4113 1371 4193 στρατόπεδα

148 4207 206 4289 ἤδη
231 4206 373 4268 ἔπταισεν
396 4203 547 4266 Badham.
618 4206 645 4266 7.
670 4201 727 4278 QU.
757 4206 775 4267 ὃ
803 4205 835 4274 ἔς
857 4228 889 4266 τε
911 4203 948 4265 τά
976 4203 1077 4266 πολλὰ
1100 4207 1165 4266 τῶν
1188 4201 1372 4284 πολεμικῶν

149 4294 221 4379 [καί]
246 4294 399 4376 ξυμφέρει
422 4297 478 4356 ete.
546 4299 612 4363 ταῖς
634 4317 666 4356 τε
689 4292 794 4376 ναυσί]
818 4299 884 4363 ταῖς
907 4293 998 4356 ναυσὶ
1021 4293 1054 4357 O.
1079 4292 1114 4355 Gr.
1153 4290 1260 4355 Recte.

232 4384 273 4447 ΙΙ.
300 4384 349 4447 90.
376 4384 403 4445 1.
427 4381 659 4465 ἀναγαγόμενοι
676 4381 708 4445 C.
720 4382 755 4445 G.
776 4382 864 4465 prob.
887 4382 1040 4446 Badham.
1109 4381 1220 4444 ἔπλεον
1244 4380 1294 4444 ἐπὶ
1316 4380 1372 4464 τῆν

149 4476 266 4537 ἑαυτῶν
298 4474 369 4554 (em.
394 4470 426 4534 0.
452 4492 502 4556 qu.
527 4473 647 4552 αὐτῶν)
672 4479 731 4555 γῆν
754 4477 811 4536 ete.
880 4470 1062 4555 ῆγουμένῳ]
1087 4471 1258 4554 ῆγούμενοι
1282 4469 1315 4534 C.
1340 4477 1371 4536 et
