3576 5340
369 419 410 482 32
888 435 1074 482 mucromrs

366 598 537 682 opponitur
567 595 604 662 τὰ
635 597 808 681 παράνομα
839 597 877 660 τά
908 595 934 659 τ’
962 595 1072 661 ἀνόσια
1101 616 1130 658 r.
1155 595 1239 674 684.)
1263 596 1341 660 etc.’'
1409 598 1446 661 τά
1474 623 1506 662 τε
1529 599 1594 663 ἀπό

367 687 441 768 (ὑπό
458 686 575 767 Cobet.)
598 691 662 751 τῶν
685 688 833 751 ἐναντίων
856 685 1018 769 λεγόμενα.
1087 687 1116 749 8.
1139 686 1268 750 πάντων
1292 686 1327 750 ἀὲ
1342 687 1448 751 αὐτῶν
1472 687 1594 773 [αἴτιον]

367 775 449 861 ἀρχὴ
474 778 494 860 ῆ
519 775 570 840 διὰ
593 776 775 850 πλεονεξίαν
798 775 935 859 Madvig.

455 865 512 930 ΙΠ.
537 867 588 930 86.
615 867 641 928 1.
674 865 833 950 ἐληίζοντο
864 863 938 935 τοὺς
974 864 1008 928 ἐν
1044 871 1082 948 τῆ
1116 864 1217 949 νήσῳ]
1250 865 1399 948 ἐλῄζοντο
1423 902 1465 912 -
1486 866 1594 932 Cobet.

367 955 411 1020 Of.
435 955 476 1018 ad
499 955 556 1018 IV.
578 956 630 1018 41.
669 954 880 1020 Scribendum
917 955 1061 1038 suspicor
1098 954 1210 1037 ἐλῄζον
1247 956 1354 1020 Attice
1386 959 1423 1018 ut
1455 957 1594 1039 χρῄζειν,

366 1045 499 1127 κλήζειν.
523 1048 581 1108 etc.
619 1044 664 1109 of.
688 1043 763 1108 Eur.
787 1044 871 1108 Med.
891 1044 964 1106 266.
988 1044 1024 1107 ἐκ
1048 1049 1106 1126 γῆς
1127 1043 1295 1127 βαρβάρου
1318 1044 1501 1129 λελησμένη.
1524 1046 1594 1110 Tro.

368 1135 441 1197 373.
466 1132 614 1216 γυναικὸς
630 1171 671 1181 -
689 1134 728 1198 οῦ
751 1134 805 1216 βίᾳ
821 1133 1019 1216 λελῃσμένης.
1043 1132 1115 1196 Hel.
1132 1133 1206 1195 476.
1229 1133 1399 1218 λελήσμεθ’
1416 1134 1451 1208 ἐξ
1468 1135 1595 1218 ἄντρων

366 1223 457 1307 λέχος
480 1223 511 1304 (i.
527 1241 553 1286 e.
577 1227 731 1302 uxorem).
770 1221 869 1306 Epica
891 1229 923 1286 et
945 1220 1054 1286 Ionica
1075 1223 1178 1285 forma
1201 1227 1249 1286 est
1271 1222 1375 1287 soluta
1397 1222 1568 1307 ληίζεσθαι.

455 1310 513 1375 ΠΙ.
529 1313 581 1376 86.
599 1313 627 1375 1.
650 1309 852 1395 Χαροιάθην]
877 1309 920 1374 Of.
939 1312 989 1374 90.
1031 1311 1243 1376 Scribendum
1265 1313 1373 1376 forsan
1394 1310 1594 1397 Χαρινάθην,

368 1400 452 1483 quod
476 1420 594 1466 nomen
620 1401 738 1485 legitur
760 1402 857 1464 Arist.
875 1400 969 1484 Vesp.
987 1401 1060 1463 232.
1082 1400 1153 1464 Pac.
1174 1401 1266 1464 1155.
1336 1404 1364 1464 2.
1388 1404 1595 1474 καταστάντες

367 1492 402 1573 (l.
425 1489 644 1573 κατασχόντες)
667 1488 725 1554 οῦν
748 1490 780 1560 ἐς
798 1489 922 1574 Ῥήγιον
945 1494 1002 1553 eto.

456 1578 513 1643 111.
537 1581 588 1643 89.
613 1581 642 1642 2.
665 1579 812 1644 θάλασσα
835 1579 1014 1643 ἐπελθοῦσα
1038 1578 1103 1642 ἀπὸ
1126 1585 1181 1662 τῆς
1206 1578 1263 1663 -]
1292 1580 1439 1645 θάλασσα
1462 1581 1593 1646 ἐπανελ-

366 1669 472 1734 θοῦσα
493 1705 535 1714 -
557 1669 594 1733 al.
626 1669 774 1732 θάλασσα
806 1668 991 1733 ἀπελθοῦσα
1023 1676 1108 1733 recte
1141 1667 1278 1752 Madvig.
1317 1669 1363 1734 cf.
1396 1670 1595 1736 ἀποστέλλειν

365 1761 401 1822 in
424 1759 443 1841 ξ
467 1762 497 1821 4.
525 1758 745 1823 ἐπανελθοῦσα
771 1759 889 1823 frustra
916 1759 1051 1841 requirit
1077 1758 1233 1840 Badham‚
1263 1759 1400 1825 similem
1424 1760 1593 1844 ἐπαναχω-

366 1871 457 1932 ρησιν
471 1849 507 1910 in
522 1845 699 1930 Peparetho
714 1848 830 1911 iactam
848 1866 925 1911 mox
939 1847 1025 1911 inira
1040 1848 1211 1910 memorari
1226 1847 1411 1913 admonens.
1466 1852 1495 1912 4.
1512 1851 1593 1914 ἀπο-

367 1937 498 2002 στέλλειν
520 1936 568 2021 τε]
593 1934 653 2013 Qu.
668 1936 922 2002 ἀποστέλλεσθαι.
955 1935 1001 2000 Of.
1018 1936 1036 2018 ξ
1054 1939 1083 1999 2.
1151 1937 1387 2023 ἐπισπωμίνην]
1411 1939 1594 2023 ἐπισπώμε-

366 2050 423 2091 νον
438 2026 568 2109 Madvig
583 2045 625 2090 ex
641 2025 750 2109 schot,
776 2045 875 2109 quum
900 2025 1098 2089 ἀποστέλλειν
1115 2027 1315 2092 intransitive
1331 2028 1433 2111 accipi
1447 2035 1595 2111 nequeat

367 2115 425 2193 Qu.
449 2116 725 2198 ἐπανασπωμίνην
748 2121 805 2178 aut
826 2115 1101 2198 ἐπανασπωμίνην
1123 2115 1250 2199 (αῦτήν).

455 2203 513 2268 ΠΙ.
538 2205 588 2267 90.
615 2205 643 2266 1.
670 2204 704 2268 ἐν
730 2211 768 2287 τῆ
791 2203 919 2286 Σικελίᾳ
942 2202 1018 2287 [καλ]
1047 2204 1135 2269 αὐτοί
1158 2206 1189 2269 οῖ
1211 2204 1396 2270 Σικελιῶται
1425 2207 1474 2270 ἐπ’
1498 2207 1594 2292 ἀλλή-

366 2295 442 2364 λους
465 2293 682 2376 στρατεύοντες
704 2292 842 2378 Madvig.
882 2291 941 2368 Qu.
969 2294 1003 2357 ἐν
1029 2300 1068 2378 τῇ
1091 2293 1219 2377 Σικελίᾳ
1248 2293 1312 2379 [καί
1336 2296 1424 2360 αῦτολ
1447 2298 1478 2360 οἱ
1498 2297 1595 2361 Σικε-

365 2383 484 2468 λιῶται]
508 2383 571 2447 κτλ.
595 2383 633 2446 V.
657 2381 796 2448 Classen.

361 2525 364 2533 .
455 2471 513 2536 ΙΠ.
538 2473 588 2535 92.
613 2473 642 2536 3.
672 2477 729 2536 τοῦ
756 2471 838 2556 πρὸς
861 2472 1051 2556 Ἀθηναίους
1078 2474 1221 2558 πολέμου
1246 2473 1305 2558 -]
1338 2473 1383 2539 Of.
1411 2473 1436 2537 I.
1461 2477 1511 2540 36.
1538 2482 1596 2556 τῆς

367 2586 399 2626 τε
421 2561 482 2644 γὰρ
501 2560 630 2633 Ἰταλίας
652 2561 706 2626 καλ
728 2561 874 2633 Σικελίας
896 2562 1004 2634 καλῶς
1026 2564 1196 2647 παράπλου
1219 2570 1324 2628 κεῖται.

454 2650 512 2715 ΙΠ.
538 2652 588 2716 33.
612 2653 641 2715 2.
676 2653 773 2716 αἴτιον
802 2652 837 2717 δὲ
868 2651 908 2736 ῆν
936 2653 972 2716 οἵ
993 2677 1025 2717 τε
1056 2651 1210 2718 Θεσσαλοὶ
1234 2690 1275 2699 -
1299 2653 1464 2738 ἔφθειρον]
1497 2657 1595 2720 αἴτιον

368 2741 416 2805 ee·
440 2742 471 2805 οἱ
493 2737 554 2825 γὰρ
582 2739 735 2806 Θεσσαλοὶ
759 2781 800 2790 -
826 2741 933 2806 Cobet
972 2742 1018 2807 Of.
1040 2742 1096 2806 IV.
1117 2744 1168 2806 26.
1192 2744 1290 2806 αἴτιον
1314 2743 1348 2807 δὲ
1371 2741 1411 2827 ῆν
1435 2746 1465 2808 οἱ
1486 2745 1593 2810 Λακε-

368 2831 525 2914 δαιμόνιοι
546 2831 758 2914 προειπόντες.

454 2920 513 2984 ΠΙ.
538 2921 588 2983 95.
614 2922 642 2983 l.
670 2923 704 2984 οἳ
726 2921 909 3004 προθύμως
937 2919 1074 2984 ἐδόκουν
1098 2957 1139 2966 -
1164 2923 1379 3004 ξυστρατεύειν
1401 2923 1436 3006 (l.
1461 2926 1589 3008 ξυστρα-

366 3009 502 3092 τεύσειν).

456 3096 513 3162 ΙΠ.
538 3099 588 3163 96.
615 3100 642 3162 1.
665 3096 870 3184 Ποτιὸανίαν]
894 3097 1103 3164 Scribendum
1126 3098 1345 3175 Ποτειὸανίαν,
1368 3106 1405 3166 nt
1422 3101 1594 3168 Ποτείύαια

366 3191 444 3269 (non
465 3186 641 3270 limitata).

456 3275 513 3341 III.
539 3279 589 3341 98.
613 3280 642 3340 4.
666 3274 754 3341 οὗτοι
775 3277 925 3361 βέλτιστοι
953 3277 992 3362 tt]
1011 3277 1070 3364 -]
1099 3279 1144 3344 Of.
1167 3277 1192 3342 l.
1218 3281 1245 3343 1.
1277 3280 1398 3365 κίνησις
1430 3281 1491 3366 γάρ
1514 3283 1593 3367 αῦτη

366 3366 495 3450 μεγίστη
519 3366 558 3450 δὴ
581 3373 647 3438 τοῖς
662 3366 809 3452 Ἕλλησιν
832 3367 960 3450 ἐγένετο.

455 3455 513 3520 ΠΙ.
529 3457 600 3520 101.
611 3458 640 3520 2.
656 3462 787 3541 πρῶτον
809 3457 869 3541 μὲν
888 3456 946 3522 οῦν
962 3455 1031 3542 (οὖν
1046 3465 1131 3524 recte
1147 3480 1207 3524 om.
1225 3459 1272 3542 G.)
1288 3459 1362 3532 τοὺς
1378 3460 1521 3544 ὁμόρους
1536 3467 1593 3527 etc.

455 3545 512 3610 III.
539 3547 611 3610 102.
635 3548 664 3609 2.
689 3547 792 3619 δείσας
814 3548 886 3631 περὶ
908 3549 1004 3632 αὐτῆς
1028 3550 1118 3633 (αύτῆ
1141 3549 1222 3614 bene
1246 3551 1326 3633 conj.
1350 3549 1469 3634 Balita).

456 3634 515 3699 III.
541 3635 612 3700 104.
636 3638 665 3700 2.
688 3637 745 3720 τῆν
767 3638 968 3722 πεντετηρίθα
986 3676 1026 3684 -
1047 3637 1084 3702 τὰ
1107 3639 1206 3723 Δήλια
1230 3638 1277 3723 (τὰ
1300 3638 1336 3704 Δ.
1360 3640 1444 3705 delet
1466 3641 1593 3724 Herm).

413 3727 441 3789 3.
465 3725 554 3808 ἀγὼν
577 3726 709 3790 ἐποιεῖτο
727 3765 766 3774 -
783 3727 954 3812 μουσικός]
977 3735 1135 3812 μουσικῆς
1157 3733 1243 3792 reete
1265 3727 1361 3792 Mein.
1385 3730 1593 3795 vinciret.

366 3835 396 3899 p.
421 3816 507 3897 225.‚
540 3835 640 3897 quum
676 3821 857 3882 constanter
892 3818 1017 3902 legatur
1053 3818 1087 3880 in
1119 3817 1209 3882 codd.
1240 3824 1397 3902 μουσικῆς
1424 3819 1514 3902 ἀγὼν
1545 3818 1593 3904 ῆν.

368 3903 413 3968 Of.
441 3904 482 3967 ad
509 3905 605 3970 Arist.
634 3904 680 3968 Pl.
707 3906 800 3970 1163.
833 3913 933 3970 ποιεῖν
964 3907 1093 3989 ἀγῶνας
1123 3906 1299 3991 μουσικοὺς
1330 3909 1385 3972 καί
1412 3911 1594 3993 γυμνικούς.

411 3995 441 4057 4.
465 3994 540 4058 ὅταν
567 3995 750 4060 καθίσωσιν
777 3996 904 4081 ἀγῶνα]
937 3996 1012 4061 ὅταν
1038 3997 1214 4061 καθιστῶσι
1236 4034 1280 4044 -
1303 3999 1371 4062 cod.
1395 3997 1495 4081 Mosq.
1520 3999 1595 4063 ὅταν

367 4084 606 4167 στήσωνται-
630 4084 764 4150 Homeri
787 4086 856 4150 edd.
881 4086 1136 4151 &vacuatione
1160 4124 1201 4133 -
1225 4088 1429 4153 Herwerden.

455 4173 513 4244 III.
540 4174 611 4237 107.
637 4175 665 4237 1.
689 4174 722 4245 ἐς
743 4175 798 4239 τὸν
821 4174 1048 4261 Ἀμβρακικὸν]
1078 4175 1126 4239 Sc.
1149 4177 1278 4241 κόλπον.
1318 4175 1361 4240 Cf.
1385 4177 1441 4242 VI.
1466 4178 1517 4242 30.
1540 4177 1594 4242 τὸν

362 4261 482 4327 Ἰόνιον.
507 4265 558 4327 34.
584 4263 656 4327 104.
679 4263 752 4328 VH.
777 4266 827 4327 33.
850 4265 982 4336 Κόλπος
1004 4271 1111 4330 tamen
1134 4265 1260 4330 additur
1282 4266 1306 4329 1.
1331 4269 1382 4330 24.
1405 4266 1446 4330 Π.
1472 4269 1522 4332 97.

456 4351 513 4417 ΙΠ.
539 4353 611 4417 108.
635 4355 664 4416 2.
687 4353 723 4418 τὸ
746 4352 828 4418 πολὺ
851 4360 906 4418 τοῦ
935 4356 1031 4437 ἔργου
1054 4355 1191 4438 ἐξῆλθον
1214 4355 1249 4437 (l.
1273 4356 1459 4440 ἐπεξῆλθον,
1489 4363 1525 4422 111
1547 4362 1596 4422 est

366 4442 402 4505 in
425 4442 461 4505 E.
486 4442 541 4526 G.).
611 4445 639 4507 3.
672 4445 692 4528 ῆ
719 4443 780 4528 μὲν
805 4444 893 4528 μάχη
927 4444 1064 4508 ἐτελεύτα
1092 4446 1156 4516 ἕως
1183 4446 1260 4525 (ἕως
1288 4446 1320 4516 ἐς
1342 4445 1376 4510 F.
1400 4451 1431 4511 ct
1455 4445 1490 4509 0.
1515 4467 1594 4512 corr.

366 4537 467 4616 recte,
491 4532 615 4617 opinor)
637 4533 709 4617 ὀψέ.
