<?xml version="1.0" encoding="UTF-8"?>
<!DOCTYPE html PUBLIC "-//W3C//DTD XHTML 1.0 Transitional//EN"
    "http://www.w3.org/TR/xhtml1/DTD/xhtml1-transitional.dtd">
<html xmlns="http://www.w3.org/1999/xhtml" xml:lang="en" lang="en">
 <head>
  <title>
</title>
<meta http-equiv="Content-Type" content="text/html;charset=utf-8" />
  <meta name='ocr-system' content='tesseract 3.04.00' />
  <meta name='ocr-capabilities' content='ocr_page ocr_carea ocr_par ocr_line ocrx_word'/>
</head>
<body>
  <div class='ocr_page' id='page_1' title='image "./adversariainthu00blaygoog_0048.png"; bbox 0 0 3576 5340; ppageno 0'>
   <div class='ocr_carea' id='block_1_1' title="bbox 731 433 1439 497">
    <p class='ocr_par' dir='ltr' id='par_1_1' title="bbox 731 433 1439 497">
     <span class='ocr_line' id='line_1_1' title="bbox 731 433 1439 497; baseline 0 -1"><span class='ocrx_word' id='word_1_1' title='bbox 731 450 920 496; x_wconf 72' lang='grc' dir='ltr'><strong><em>ιασεευιυι</em></strong></span> <span class='ocrx_word' id='word_1_2' title='bbox 1396 433 1439 497; x_wconf 84' lang='grc'><strong><em>39</em></strong></span> 
     </span>
    </p>
   </div>
   <div class='ocr_carea' id='block_1_2' title="bbox 205 605 1440 4628">
    <p class='ocr_par' dir='ltr' id='par_1_2' title="bbox 208 605 1440 874">
     <span class='ocr_line' id='line_1_2' title="bbox 297 605 1440 696; baseline 0.003 -23"><span class='ocrx_word' id='word_1_3' title='bbox 297 605 353 673; x_wconf 82' lang='lat' dir='ltr'><strong>[V.</strong></span> <span class='ocrx_word' id='word_1_4' title='bbox 370 609 421 672; x_wconf 92' lang='grc'><strong><em>53.</em></strong></span> <span class='ocrx_word' id='word_1_5' title='bbox 440 609 694 694; x_wconf 85' lang='grc' dir='ltr'><strong><em>1.Διοτρέφσυς]</em></strong></span> <span class='ocrx_word' id='word_1_6' title='bbox 710 611 901 692; x_wconf 84' lang='grc' dir='ltr'><strong><em>Διετριφοῡς</em></strong></span> <span class='ocrx_word' id='word_1_7' title='bbox 916 611 952 674; x_wconf 82' lang='grc' dir='ltr'><strong><em>Ε.</em></strong></span> <span class='ocrx_word' id='word_1_8' title='bbox 976 609 1035 685; x_wconf 82' lang='lat' dir='ltr'><strong>Qu.</strong></span> <span class='ocrx_word' id='word_1_9' title='bbox 1051 610 1251 693; x_wconf 77' lang='grc' dir='ltr'><em>Διιτρέφους,</em></span> <span class='ocrx_word' id='word_1_10' title='bbox 1268 617 1305 674; x_wconf 82' lang='lat' dir='ltr'><strong><em>ut</em></strong></span> <span class='ocrx_word' id='word_1_11' title='bbox 1320 605 1440 696; x_wconf 73' lang='lat' dir='ltr'>legitur</span> 
     </span>
     <span class='ocr_line' id='line_1_3' title="bbox 208 696 1437 784; baseline 0.002 -23"><span class='ocrx_word' id='word_1_12' title='bbox 208 717 327 762; x_wconf 82' lang='lat' dir='ltr'>nomen</span> <span class='ocrx_word' id='word_1_13' title='bbox 350 697 435 782; x_wconf 81' lang='lat' dir='ltr'>apud</span> <span class='ocrx_word' id='word_1_14' title='bbox 458 699 713 784; x_wconf 73' lang='lat' dir='ltr'><strong>Aristophanem.</strong></span> <span class='ocrx_word' id='word_1_15' title='bbox 751 698 796 764; x_wconf 81' lang='lat' dir='ltr'><strong>Cf.</strong></span> <span class='ocrx_word' id='word_1_16' title='bbox 820 700 875 764; x_wconf 85' lang='lat' dir='ltr'><strong>lV.</strong></span> <span class='ocrx_word' id='word_1_17' title='bbox 901 699 974 764; x_wconf 83' lang='lat'><strong>119.</strong></span> <span class='ocrx_word' id='word_1_18' title='bbox 1001 696 1220 783; x_wconf 83' lang='grc' dir='ltr'><strong><em>Νικόστρατος</em></strong></span> <span class='ocrx_word' id='word_1_19' title='bbox 1242 700 1437 784; x_wconf 82' lang='grc' dir='ltr'><strong><em>Δυτρέφους.</em></strong></span> 
     </span>
     <span class='ocr_line' id='line_1_4' title="bbox 208 787 1437 874; baseline 0 -22"><span class='ocrx_word' id='word_1_20' title='bbox 208 788 266 852; x_wconf 93' lang='grc' dir='ltr'><strong><em>ΙΠ.</em></strong></span> <span class='ocrx_word' id='word_1_21' title='bbox 291 789 340 851; x_wconf 83' lang='grc'><strong><em>75.</em></strong></span> <span class='ocrx_word' id='word_1_22' title='bbox 374 787 592 870; x_wconf 80' lang='grc' dir='ltr'><strong><em>Νικόστρατος</em></strong></span> <span class='ocrx_word' id='word_1_23' title='bbox 618 789 638 852; x_wconf 88' lang='grc' dir='ltr'><strong><em>ό</em></strong></span> <span class='ocrx_word' id='word_1_24' title='bbox 665 789 852 873; x_wconf 75' lang='grc' dir='ltr'><strong><em>Διιτρέφους</em></strong></span> <span class='ocrx_word' id='word_1_25' title='bbox 882 789 1080 872; x_wconf 77' lang='grc' dir='ltr'><strong><em>(Διιτρέφοῦς</em></strong></span> <span class='ocrx_word' id='word_1_26' title='bbox 1107 788 1144 853; x_wconf 85' lang='lat' dir='ltr'><strong>G.</strong></span> <span class='ocrx_word' id='word_1_27' title='bbox 1177 787 1358 874; x_wconf 85' lang='grc' dir='ltr'><strong><em>Διιτρεφευς</em></strong></span> <span class='ocrx_word' id='word_1_28' title='bbox 1380 789 1437 870; x_wconf 72' lang='lat' dir='ltr'><strong>E).</strong></span> 
     </span>
    </p>

    <p class='ocr_par' dir='ltr' id='par_1_3' title="bbox 253 876 1055 962">
     <span class='ocr_line' id='line_1_5' title="bbox 253 876 1055 962; baseline 0 -22"><span class='ocrx_word' id='word_1_29' title='bbox 253 879 282 941; x_wconf 82' lang='lat'><strong>2.</strong></span> <span class='ocrx_word' id='word_1_30' title='bbox 306 877 407 961; x_wconf 75' lang='grc' dir='ltr'><strong><em>ἀρχή]</em></strong></span> <span class='ocrx_word' id='word_1_31' title='bbox 430 878 656 962; x_wconf 79' lang='lat' dir='ltr'>interpolatum</span> <span class='ocrx_word' id='word_1_32' title='bbox 678 897 750 943; x_wconf 62' lang='lat' dir='ltr'><strong><em>omo</em></strong></span> <span class='ocrx_word' id='word_1_33' title='bbox 772 879 927 944; x_wconf 71' lang='lat' dir='ltr'><strong>indicavit</strong></span> <span class='ocrx_word' id='word_1_34' title='bbox 949 876 1055 943; x_wconf 71' lang='lat' dir='ltr'>Cobet</span> 
     </span>
    </p>

    <p class='ocr_par' dir='ltr' id='par_1_4' title="bbox 208 965 1436 1120">
     <span class='ocr_line' id='line_1_6' title="bbox 296 965 1436 1054; baseline 0.003 -25"><span class='ocrx_word' id='word_1_35' title='bbox 296 965 352 1029; x_wconf 87' lang='lat' dir='ltr'><strong>IV.</strong></span> <span class='ocrx_word' id='word_1_36' title='bbox 377 969 428 1030; x_wconf 83' lang='lat'><strong>54.</strong></span> <span class='ocrx_word' id='word_1_37' title='bbox 452 969 481 1030; x_wconf 88' lang='grc'><strong><em>3.</em></strong></span> <span class='ocrx_word' id='word_1_38' title='bbox 505 967 678 1051; x_wconf 80' lang='grc' dir='ltr'><strong><em>ἀνέστησαν</em></strong></span> <span class='ocrx_word' id='word_1_39' title='bbox 705 967 767 1052; x_wconf 80' lang='grc' dir='ltr'><strong><em>γὰρ</em></strong></span> <span class='ocrx_word' id='word_1_40' title='bbox 794 967 872 1051; x_wconf 82' lang='grc' dir='ltr'><strong><em>(γὰρ</em></strong></span> <span class='ocrx_word' id='word_1_41' title='bbox 898 969 939 1032; x_wconf 83' lang='grc' dir='ltr'><strong><em>ἀν</em></strong></span> <span class='ocrx_word' id='word_1_42' title='bbox 967 973 1052 1034; x_wconf 69' lang='lat' dir='ltr'><strong><em>moto</em></strong></span> <span class='ocrx_word' id='word_1_43' title='bbox 1075 966 1267 1050; x_wconf 70' lang='lat' dir='ltr'><strong>Heilmmn)</strong></span> <span class='ocrx_word' id='word_1_44' title='bbox 1289 969 1321 1032; x_wconf 85' lang='grc' dir='ltr'><strong><em>ολ</em></strong></span> <span class='ocrx_word' id='word_1_45' title='bbox 1338 967 1436 1054; x_wconf 79' lang='grc' dir='ltr'><strong><em>Ἀθη-</em></strong></span> 
     </span>
     <span class='ocr_line' id='line_1_7' title="bbox 208 1059 372 1120; baseline -0.012 0"><span class='ocrx_word' id='word_1_46' title='bbox 208 1061 291 1120; x_wconf 89' lang='grc' dir='ltr'><strong><em>ναῖοι</em></strong></span> <span class='ocrx_word' id='word_1_47' title='bbox 315 1059 372 1120; x_wconf 78' lang='lat' dir='ltr'><strong>etc.</strong></span> 
     </span>
    </p>

    <p class='ocr_par' dir='ltr' id='par_1_5' title="bbox 296 1143 1436 1231">
     <span class='ocr_line' id='line_1_8' title="bbox 296 1143 1436 1231; baseline 0.002 -21"><span class='ocrx_word' id='word_1_48' title='bbox 296 1143 353 1210; x_wconf 85' lang='lat' dir='ltr'><strong>lv.</strong></span> <span class='ocrx_word' id='word_1_49' title='bbox 378 1147 429 1209; x_wconf 85' lang='lat'><strong>55.</strong></span> <span class='ocrx_word' id='word_1_50' title='bbox 453 1147 483 1208; x_wconf 92' lang='grc'><strong><em>2.</em></strong></span> <span class='ocrx_word' id='word_1_51' title='bbox 510 1145 648 1211; x_wconf 86' lang='grc' dir='ltr'><strong><em>όπλιτῶν</em></strong></span> <span class='ocrx_word' id='word_1_52' title='bbox 674 1147 800 1230; x_wconf 75' lang='grc' dir='ltr'><strong><em>πλῆθος</em></strong></span> <span class='ocrx_word' id='word_1_53' title='bbox 823 1147 870 1218; x_wconf 82' lang='grc' dir='ltr'><strong><em>ὡς</em></strong></span> <span class='ocrx_word' id='word_1_54' title='bbox 892 1147 982 1229; x_wconf 88' lang='grc' dir='ltr'><strong><em>(ὅσον</em></strong></span> <span class='ocrx_word' id='word_1_55' title='bbox 1004 1146 1122 1228; x_wconf 73' lang='lat' dir='ltr'><strong>Herw.)</strong></span> <span class='ocrx_word' id='word_1_56' title='bbox 1150 1147 1343 1231; x_wconf 79' lang='grc' dir='ltr'><strong><em>ἑκασταχόσε</em></strong></span> <span class='ocrx_word' id='word_1_57' title='bbox 1365 1147 1436 1212; x_wconf 80' lang='grc' dir='ltr'><strong><em>ἔδει</em></strong></span> 
     </span>
    </p>

    <p class='ocr_par' dir='ltr' id='par_1_6' title="bbox 207 1234 1438 1676">
     <span class='ocr_line' id='line_1_9' title="bbox 252 1234 1437 1322; baseline 0.003 -24"><span class='ocrx_word' id='word_1_58' title='bbox 252 1241 310 1300; x_wconf 83' lang='grc' dir='ltr'><strong><em>τοῦ</em></strong></span> <span class='ocrx_word' id='word_1_59' title='bbox 336 1234 387 1299; x_wconf 82' lang='grc' dir='ltr'><strong><em>έπλ</em></strong></span> <span class='ocrx_word' id='word_1_60' title='bbox 413 1235 459 1317; x_wconf 74' lang='grc' dir='ltr'><strong><em>(ἐν</em></strong></span> <span class='ocrx_word' id='word_1_61' title='bbox 482 1235 601 1316; x_wconf 70' lang='lat' dir='ltr'><strong>Cobet)</strong></span> <span class='ocrx_word' id='word_1_62' title='bbox 631 1243 671 1320; x_wconf 77' lang='grc' dir='ltr'><strong><em>τῇ</em></strong></span> <span class='ocrx_word' id='word_1_63' title='bbox 701 1237 791 1319; x_wconf 81' lang='grc' dir='ltr'><strong><em>νήσῳ</em></strong></span> <span class='ocrx_word' id='word_1_64' title='bbox 822 1237 959 1307; x_wconf 87' lang='grc' dir='ltr'><strong><em>πόθους.</em></strong></span> <span class='ocrx_word' id='word_1_65' title='bbox 1035 1235 1072 1299; x_wconf 83' lang='grc' dir='ltr'><strong><em>τὰ</em></strong></span> <span class='ocrx_word' id='word_1_66' title='bbox 1095 1235 1173 1300; x_wconf 87' lang='grc' dir='ltr'><strong><em>ἀλλα</em></strong></span> <span class='ocrx_word' id='word_1_67' title='bbox 1199 1235 1259 1321; x_wconf 82' lang='lat' dir='ltr'><strong><em>-l</em></strong></span> <span class='ocrx_word' id='word_1_68' title='bbox 1293 1236 1437 1322; x_wconf 79' lang='lat' dir='ltr'><strong>Anglioe,</strong></span> 
     </span>
     <span class='ocr_line' id='line_1_10' title="bbox 208 1323 1436 1410; baseline 0.002 -22"><span class='ocrx_word' id='word_1_69' title='bbox 208 1324 271 1388; x_wconf 88' lang='lat' dir='ltr'>‘for</span> <span class='ocrx_word' id='word_1_70' title='bbox 293 1323 452 1390; x_wconf 68' lang='lat' dir='ltr'>theroet’</span> <span class='ocrx_word' id='word_1_71' title='bbox 490 1324 535 1389; x_wconf 76' lang='lat' dir='ltr'><strong><em>Of.</em></strong></span> <span class='ocrx_word' id='word_1_72' title='bbox 558 1324 616 1388; x_wconf 81' lang='lat' dir='ltr'><strong><em>[IL</em></strong></span> <span class='ocrx_word' id='word_1_73' title='bbox 640 1327 669 1388; x_wconf 89' lang='lat'><strong><em>3.</em></strong></span> <span class='ocrx_word' id='word_1_74' title='bbox 696 1326 734 1388; x_wconf 88' lang='grc' dir='ltr'><strong><em>τό</em></strong></span> <span class='ocrx_word' id='word_1_75' title='bbox 756 1349 789 1390; x_wconf 87' lang='grc' dir='ltr'><strong><em>τε</em></strong></span> <span class='ocrx_word' id='word_1_76' title='bbox 815 1325 894 1389; x_wconf 87' lang='grc' dir='ltr'><strong><em>ἀλλα</em></strong></span> <span class='ocrx_word' id='word_1_77' title='bbox 920 1330 985 1390; x_wconf 85' lang='grc' dir='ltr'><strong><em>τῶν</em></strong></span> <span class='ocrx_word' id='word_1_78' title='bbox 1007 1330 1120 1409; x_wconf 78' lang='grc' dir='ltr'><strong><em>τειχῶν</em></strong></span> <span class='ocrx_word' id='word_1_79' title='bbox 1143 1361 1185 1372; x_wconf 88' lang='grc'><strong>-</strong></span> <span class='ocrx_word' id='word_1_80' title='bbox 1208 1325 1383 1410; x_wconf 77' lang='grc' dir='ltr'><strong><em>περλτδή</em></strong></span> <span class='ocrx_word' id='word_1_81' title='bbox 1422 1365 1436 1380; x_wconf 86' lang='grc'>-</span> 
     </span>
     <span class='ocr_line' id='line_1_11' title="bbox 207 1413 1438 1499; baseline 0.003 -22"><span class='ocrx_word' id='word_1_82' title='bbox 207 1414 330 1478; x_wconf 85' lang='grc' dir='ltr'><strong><em>τέλεστσ</em></strong></span> <span class='ocrx_word' id='word_1_83' title='bbox 367 1415 567 1496; x_wconf 77' lang='grc' dir='ltr'><em>φραξάμενοι</em></span> <span class='ocrx_word' id='word_1_84' title='bbox 608 1415 796 1497; x_wconf 83' lang='grc' dir='ltr'><strong><em>έφύλαοοον.</em></strong></span> <span class='ocrx_word' id='word_1_85' title='bbox 894 1415 1039 1497; x_wconf 83' lang='grc' dir='ltr'><strong><em>πολέμου</em></strong></span> <span class='ocrx_word' id='word_1_86' title='bbox 1075 1413 1204 1499; x_wconf 87' lang='grc' dir='ltr'><strong><em>ταχέος]</em></strong></span> <span class='ocrx_word' id='word_1_87' title='bbox 1239 1415 1438 1482; x_wconf 78' lang='lat' dir='ltr'>Horwerden</span> 
     </span>
     <span class='ocr_line' id='line_1_12' title="bbox 208 1503 1437 1588; baseline 0.002 -20"><span class='ocrx_word' id='word_1_88' title='bbox 208 1503 334 1568; x_wconf 80' lang='lat' dir='ltr'><strong>confert</strong></span> <span class='ocrx_word' id='word_1_89' title='bbox 354 1503 410 1566; x_wconf 68' lang='lat' dir='ltr'><strong><em>Vl</em></strong></span> <span class='ocrx_word' id='word_1_90' title='bbox 434 1505 514 1570; x_wconf 74' lang='lat' dir='ltr'><strong>45f.</strong></span> <span class='ocrx_word' id='word_1_91' title='bbox 545 1504 601 1568; x_wconf 89' lang='grc' dir='ltr'><strong><em>καλ</em></strong></span> <span class='ocrx_word' id='word_1_92' title='bbox 631 1503 725 1568; x_wconf 88' lang='grc' dir='ltr'><strong><em>τάλλα</em></strong></span> <span class='ocrx_word' id='word_1_93' title='bbox 758 1505 806 1575; x_wconf 87' lang='grc' dir='ltr'><strong><em>ώς</em></strong></span> <span class='ocrx_word' id='word_1_94' title='bbox 836 1503 888 1568; x_wconf 82' lang='grc' dir='ltr'><strong><em>έπλ</em></strong></span> <span class='ocrx_word' id='word_1_95' title='bbox 918 1510 1007 1588; x_wconf 83' lang='grc' dir='ltr'><strong><em>ταχεῖ</em></strong></span> <span class='ocrx_word' id='word_1_96' title='bbox 1034 1505 1168 1588; x_wconf 83' lang='grc' dir='ltr'><strong><em>πολέμῳ</em></strong></span> <span class='ocrx_word' id='word_1_97' title='bbox 1203 1504 1258 1570; x_wconf 82' lang='grc' dir='ltr'><strong><em>καί</em></strong></span> <span class='ocrx_word' id='word_1_98' title='bbox 1289 1505 1367 1569; x_wconf 83' lang='grc' dir='ltr'><strong><em>ὅσον</em></strong></span> <span class='ocrx_word' id='word_1_99' title='bbox 1397 1505 1437 1570; x_wconf 84' lang='grc' dir='ltr'><strong><em>οδ</em></strong></span> 
     </span>
     <span class='ocr_line' id='line_1_13' title="bbox 208 1590 1032 1676; baseline 0 -20"><span class='ocrx_word' id='word_1_100' title='bbox 208 1593 340 1676; x_wconf 84' lang='grc' dir='ltr'><strong><em>παρόντι</em></strong></span> <span class='ocrx_word' id='word_1_101' title='bbox 362 1593 561 1657; x_wconf 88' lang='grc' dir='ltr'><strong><em>καθίσταντο.</em></strong></span> <span class='ocrx_word' id='word_1_102' title='bbox 585 1590 679 1658; x_wconf 88' lang='lat' dir='ltr'><strong>Dion.</strong></span> <span class='ocrx_word' id='word_1_103' title='bbox 702 1593 787 1658; x_wconf 71' lang='lat' dir='ltr'>Cass„</span> <span class='ocrx_word' id='word_1_104' title='bbox 811 1593 862 1658; x_wconf 86' lang='lat' dir='ltr'><strong>LI.</strong></span> <span class='ocrx_word' id='word_1_105' title='bbox 887 1595 916 1656; x_wconf 95' lang='grc'><strong><em>5.</em></strong></span> <span class='ocrx_word' id='word_1_106' title='bbox 940 1593 969 1656; x_wconf 91' lang='grc'><strong><em>6.</em></strong></span> <span class='ocrx_word' id='word_1_107' title='bbox 1029 1660 1032 1664; x_wconf 66' lang='grc'><em>,</em></span> 
     </span>
    </p>

    <p class='ocr_par' dir='ltr' id='par_1_7' title="bbox 207 1681 1436 1946">
     <span class='ocr_line' id='line_1_14' title="bbox 297 1681 1436 1766; baseline 0 -20"><span class='ocrx_word' id='word_1_108' title='bbox 297 1683 353 1746; x_wconf 88' lang='lat' dir='ltr'><strong>IV.</strong></span> <span class='ocrx_word' id='word_1_109' title='bbox 377 1683 428 1746; x_wconf 84' lang='lat'><strong>56.</strong></span> <span class='ocrx_word' id='word_1_110' title='bbox 454 1683 481 1744; x_wconf 91' lang='lat' dir='ltr'><strong>l.</strong></span> <span class='ocrx_word' id='word_1_111' title='bbox 513 1683 548 1746; x_wconf 80' lang='grc' dir='ltr'><strong><em>έν</em></strong></span> <span class='ocrx_word' id='word_1_112' title='bbox 579 1690 626 1765; x_wconf 77' lang='grc' dir='ltr'><strong><em>τῷ</em></strong></span> <span class='ocrx_word' id='word_1_113' title='bbox 656 1683 790 1765; x_wconf 83' lang='grc' dir='ltr'><strong><em>τοιούτῳ</em></strong></span> <span class='ocrx_word' id='word_1_114' title='bbox 822 1683 985 1765; x_wconf 84' lang='grc' dir='ltr'><strong><em>γενόμενοι</em></strong></span> <span class='ocrx_word' id='word_1_115' title='bbox 1012 1681 1211 1766; x_wconf 74' lang='grc' dir='ltr'><strong><em>Βοαιιίδεοα,</em></strong></span> <span class='ocrx_word' id='word_1_116' title='bbox 1242 1683 1436 1748; x_wconf 72' lang='lat'><strong>0011.1.·74.</strong></span> 
     </span>
     <span class='ocr_line' id='line_1_15' title="bbox 211 1771 1436 1856; baseline 0.001 -21"><span class='ocrx_word' id='word_1_117' title='bbox 211 1774 238 1835; x_wconf 92' lang='lat' dir='ltr'><strong>l.</strong></span> <span class='ocrx_word' id='word_1_118' title='bbox 261 1771 317 1836; x_wconf 84' lang='lat' dir='ltr'><strong><em>VL</em></strong></span> <span class='ocrx_word' id='word_1_119' title='bbox 343 1773 393 1834; x_wconf 85' lang='lat'><strong>15.</strong></span> <span class='ocrx_word' id='word_1_120' title='bbox 418 1772 446 1835; x_wconf 93' lang='lat' dir='ltr'><strong>l.</strong></span> <span class='ocrx_word' id='word_1_121' title='bbox 514 1773 543 1834; x_wconf 83' lang='lat'><strong>2.</strong></span> <span class='ocrx_word' id='word_1_122' title='bbox 562 1771 779 1856; x_wconf 76' lang='grc' dir='ltr'><strong><em>Ἀφροδισίαν]</em></strong></span> <span class='ocrx_word' id='word_1_123' title='bbox 807 1771 1009 1854; x_wconf 76' lang='grc' dir='ltr'><strong><em>Ἀφροδιτίαν</em></strong></span> <span class='ocrx_word' id='word_1_124' title='bbox 1032 1771 1139 1836; x_wconf 72' lang='lat' dir='ltr'><strong>Cobet.</strong></span> <span class='ocrx_word' id='word_1_125' title='bbox 1163 1789 1206 1836; x_wconf 72' lang='lat' dir='ltr'><strong><em>ox</em></strong></span> <span class='ocrx_word' id='word_1_126' title='bbox 1229 1771 1334 1856; x_wconf 77' lang='lat' dir='ltr'><strong>Steph.</strong></span> <span class='ocrx_word' id='word_1_127' title='bbox 1358 1772 1436 1856; x_wconf 78' lang='lat' dir='ltr'><strong>Byz.</strong></span> 
     </span>
     <span class='ocr_line' id='line_1_16' title="bbox 207 1859 1382 1946; baseline -0.003 -20"><span class='ocrx_word' id='word_1_128' title='bbox 207 1861 242 1926; x_wconf 89' lang='lat' dir='ltr'><strong><em>in</em></strong></span> <span class='ocrx_word' id='word_1_129' title='bbox 267 1863 295 1925; x_wconf 87' lang='lat' dir='ltr'><strong>h.</strong></span> <span class='ocrx_word' id='word_1_130' title='bbox 319 1883 347 1923; x_wconf 79' lang='grc' dir='ltr'>τ.</span> <span class='ocrx_word' id='word_1_131' title='bbox 417 1862 445 1924; x_wconf 89' lang='grc'><strong><em>3.</em></strong></span> <span class='ocrx_word' id='word_1_132' title='bbox 468 1861 706 1946; x_wconf 84' lang='grc' dir='ltr'><strong><em>περιέπλευσαν]</em></strong></span> <span class='ocrx_word' id='word_1_133' title='bbox 729 1862 951 1944; x_wconf 76' lang='grc' dir='ltr'><strong><em>παρέπλευσαν</em></strong></span> <span class='ocrx_word' id='word_1_134' title='bbox 974 1859 1079 1926; x_wconf 69' lang='grc'>60504.</span> <span class='ocrx_word' id='word_1_135' title='bbox 1119 1859 1164 1924; x_wconf 82' lang='lat' dir='ltr'><strong>Gf.</strong></span> <span class='ocrx_word' id='word_1_136' title='bbox 1188 1860 1228 1924; x_wconf 82' lang='lat' dir='ltr'><strong><em>ad</em></strong></span> <span class='ocrx_word' id='word_1_137' title='bbox 1251 1860 1307 1924; x_wconf 78' lang='lat' dir='ltr'><strong>w.</strong></span> <span class='ocrx_word' id='word_1_138' title='bbox 1331 1863 1382 1926; x_wconf 87' lang='grc'><strong><em>25.</em></strong></span> 
     </span>
    </p>

    <p class='ocr_par' dir='ltr' id='par_1_8' title="bbox 208 1949 1440 2393">
     <span class='ocr_line' id='line_1_17' title="bbox 297 1949 1436 2035; baseline 0 -21"><span class='ocrx_word' id='word_1_139' title='bbox 297 1950 353 2016; x_wconf 92' lang='lat' dir='ltr'><strong>IV.</strong></span> <span class='ocrx_word' id='word_1_140' title='bbox 379 1951 430 2014; x_wconf 72' lang='grc'><strong><em>53.</em></strong></span> <span class='ocrx_word' id='word_1_141' title='bbox 454 1952 485 2014; x_wconf 91' lang='grc'><strong><em>4.</em></strong></span> <span class='ocrx_word' id='word_1_142' title='bbox 509 1949 667 2015; x_wconf 88' lang='grc' dir='ltr'><strong><em>Τάνταλον</em></strong></span> <span class='ocrx_word' id='word_1_143' title='bbox 699 1949 735 2015; x_wconf 79' lang='grc' dir='ltr'><strong><em>δέ</em></strong></span> <span class='ocrx_word' id='word_1_144' title='bbox 765 1951 855 2034; x_wconf 83' lang='grc' dir='ltr'><strong><em>παρὰ</em></strong></span> <span class='ocrx_word' id='word_1_145' title='bbox 886 1949 961 2021; x_wconf 82' lang='grc' dir='ltr'><strong><em>τοὺς</em></strong></span> <span class='ocrx_word' id='word_1_146' title='bbox 986 1951 1102 2021; x_wconf 75' lang='grc' dir='ltr'><strong><em>ἄλλους</em></strong></span> <span class='ocrx_word' id='word_1_147' title='bbox 1128 1949 1202 2021; x_wconf 83' lang='grc' dir='ltr'><strong><em>τοὺς</em></strong></span> <span class='ocrx_word' id='word_1_148' title='bbox 1230 1951 1264 2014; x_wconf 80' lang='grc' dir='ltr'><strong><em>έν</em></strong></span> <span class='ocrx_word' id='word_1_149' title='bbox 1285 1956 1324 2035; x_wconf 80' lang='grc' dir='ltr'><strong><em>τῇ</em></strong></span> <span class='ocrx_word' id='word_1_150' title='bbox 1346 1951 1436 2035; x_wconf 77' lang='grc' dir='ltr'><strong><em>νήσῳ</em></strong></span> 
     </span>
     <span class='ocr_line' id='line_1_18' title="bbox 209 2039 1440 2127; baseline -0.001 -22"><span class='ocrx_word' id='word_1_151' title='bbox 209 2042 258 2124; x_wconf 76' lang='grc' dir='ltr'><strong><em>(ἐκ</em></strong></span> <span class='ocrx_word' id='word_1_152' title='bbox 288 2046 344 2124; x_wconf 89' lang='grc' dir='ltr'><strong><em>τής</em></strong></span> <span class='ocrx_word' id='word_1_153' title='bbox 374 2040 475 2123; x_wconf 83' lang='grc' dir='ltr'><strong><em>νήσου</em></strong></span> <span class='ocrx_word' id='word_1_154' title='bbox 502 2039 644 2104; x_wconf 86' lang='lat' dir='ltr'><strong>Lindow.</strong></span> <span class='ocrx_word' id='word_1_155' title='bbox 670 2040 791 2119; x_wconf 75' lang='lat' dir='ltr'><strong>Hom.)</strong></span> <span class='ocrx_word' id='word_1_156' title='bbox 822 2040 1099 2127; x_wconf 83' lang='grc' dir='ltr'><strong><em>Λακεδαιμονίους</em></strong></span> <span class='ocrx_word' id='word_1_157' title='bbox 1121 2040 1308 2124; x_wconf 80' lang='grc' dir='ltr'><strong><em>καταδήσαι.</em></strong></span> <span class='ocrx_word' id='word_1_158' title='bbox 1346 2039 1440 2105; x_wconf 80' lang='grc' dir='ltr'><strong><em>Ῑδεια</em></strong></span> 
     </span>
     <span class='ocr_line' id='line_1_19' title="bbox 208 2128 1435 2215; baseline 0 -21"><span class='ocrx_word' id='word_1_159' title='bbox 208 2129 407 2195; x_wconf 79' lang='lat' dir='ltr'>Herwerden</span> <span class='ocrx_word' id='word_1_160' title='bbox 420 2128 495 2200; x_wconf 86' lang='grc' dir='ltr'><strong><em>τοὺς</em></strong></span> <span class='ocrx_word' id='word_1_161' title='bbox 512 2129 665 2212; x_wconf 84' lang='grc' dir='ltr'><strong><em>Ἀθήνησι</em></strong></span> <span class='ocrx_word' id='word_1_162' title='bbox 680 2129 957 2212; x_wconf 89' lang='grc' dir='ltr'><strong><em>Λακεδαιμονίους</em></strong></span> <span class='ocrx_word' id='word_1_163' title='bbox 973 2130 1106 2194; x_wconf 74' lang='lat' dir='ltr'><strong>fortasse</strong></span> <span class='ocrx_word' id='word_1_164' title='bbox 1129 2129 1228 2195; x_wconf 75' lang='lat' dir='ltr'><strong>latero</strong></span> <span class='ocrx_word' id='word_1_165' title='bbox 1248 2129 1435 2215; x_wconf 70' lang='lat' dir='ltr'><strong>suspimtur.</strong></span> 
     </span>
     <span class='ocr_line' id='line_1_20' title="bbox 209 2217 1434 2303; baseline 0.001 -21"><span class='ocrx_word' id='word_1_166' title='bbox 209 2217 267 2296; x_wconf 84' lang='lat' dir='ltr'><strong>Qu.</strong></span> <span class='ocrx_word' id='word_1_167' title='bbox 292 2218 451 2283; x_wconf 86' lang='grc' dir='ltr'><strong><em>Τάνταλον</em></strong></span> <span class='ocrx_word' id='word_1_168' title='bbox 479 2218 514 2282; x_wconf 87' lang='grc' dir='ltr'><strong><em>δὲ</em></strong></span> <span class='ocrx_word' id='word_1_169' title='bbox 540 2218 629 2302; x_wconf 87' lang='grc' dir='ltr'><strong><em>παρὰ</em></strong></span> <span class='ocrx_word' id='word_1_170' title='bbox 656 2217 730 2290; x_wconf 86' lang='grc' dir='ltr'><strong><em>τοὺς</em></strong></span> <span class='ocrx_word' id='word_1_171' title='bbox 756 2220 871 2290; x_wconf 87' lang='grc' dir='ltr'><strong><em>ἀλλους</em></strong></span> <span class='ocrx_word' id='word_1_172' title='bbox 896 2257 936 2265; x_wconf 98' lang='grc'>-</span> <span class='ocrx_word' id='word_1_173' title='bbox 959 2219 1136 2303; x_wconf 86' lang='grc' dir='ltr'><strong><em>καταδήσαι</em></strong></span> <span class='ocrx_word' id='word_1_174' title='bbox 1167 2219 1203 2301; x_wconf 71' lang='grc' dir='ltr'><strong><em>(ί.</em></strong></span> <span class='ocrx_word' id='word_1_175' title='bbox 1226 2220 1434 2293; x_wconf 83' lang='grc' dir='ltr'><strong><em>καταθέσθαι,</em></strong></span> 
     </span>
     <span class='ocr_line' id='line_1_21' title="bbox 209 2308 511 2393; baseline -0.01 -20"><span class='ocrx_word' id='word_1_176' title='bbox 209 2315 245 2373; x_wconf 85' lang='lat' dir='ltr'><strong><em>ut</em></strong></span> <span class='ocrx_word' id='word_1_177' title='bbox 266 2309 373 2393; x_wconf 75' lang='lat' dir='ltr'><strong>paullo</strong></span> <span class='ocrx_word' id='word_1_178' title='bbox 397 2308 511 2392; x_wconf 75' lang='lat' dir='ltr'><strong>supra).</strong></span> 
     </span>
    </p>

    <p class='ocr_par' dir='ltr' id='par_1_9' title="bbox 207 2394 1437 2748">
     <span class='ocr_line' id='line_1_22' title="bbox 297 2394 1436 2482; baseline 0 -20"><span class='ocrx_word' id='word_1_179' title='bbox 297 2398 353 2462; x_wconf 92' lang='lat' dir='ltr'><strong>IV.</strong></span> <span class='ocrx_word' id='word_1_180' title='bbox 370 2399 422 2462; x_wconf 88' lang='grc'><strong><em>59.</em></strong></span> <span class='ocrx_word' id='word_1_181' title='bbox 440 2397 468 2460; x_wconf 93' lang='lat' dir='ltr'><strong>l.</strong></span> <span class='ocrx_word' id='word_1_182' title='bbox 491 2397 524 2468; x_wconf 82' lang='grc' dir='ltr'><strong><em>ές</em></strong></span> <span class='ocrx_word' id='word_1_183' title='bbox 545 2394 666 2482; x_wconf 84' lang='grc' dir='ltr'><strong><em>κοινὸν]</em></strong></span> <span class='ocrx_word' id='word_1_184' title='bbox 689 2397 759 2462; x_wconf 90' lang='lat' dir='ltr'><strong><em>Imo</em></strong></span> <span class='ocrx_word' id='word_1_185' title='bbox 782 2399 815 2468; x_wconf 84' lang='grc' dir='ltr'><strong><em>ἒς</em></strong></span> <span class='ocrx_word' id='word_1_186' title='bbox 836 2397 873 2462; x_wconf 86' lang='grc' dir='ltr'><strong><em>τό</em></strong></span> <span class='ocrx_word' id='word_1_187' title='bbox 895 2397 1014 2462; x_wconf 83' lang='grc' dir='ltr'><strong><em>κοινόν.</em></strong></span> <span class='ocrx_word' id='word_1_188' title='bbox 1083 2397 1112 2460; x_wconf 90' lang='grc'><strong><em>2.</em></strong></span> <span class='ocrx_word' id='word_1_189' title='bbox 1135 2399 1166 2461; x_wconf 93' lang='grc' dir='ltr'><strong><em>τί</em></strong></span> <span class='ocrx_word' id='word_1_190' title='bbox 1185 2397 1225 2462; x_wconf 87' lang='grc' dir='ltr'><strong><em>δν</em></strong></span> <span class='ocrx_word' id='word_1_191' title='bbox 1246 2421 1291 2469; x_wconf 88' lang='grc' dir='ltr'><strong><em>τις</em></strong></span> <span class='ocrx_word' id='word_1_192' title='bbox 1313 2403 1378 2462; x_wconf 87' lang='grc' dir='ltr'><strong><em>τιάν</em></strong></span> <span class='ocrx_word' id='word_1_193' title='bbox 1400 2397 1436 2462; x_wconf 91' lang='grc' dir='ltr'><strong><em>τδ</em></strong></span> 
     </span>
     <span class='ocr_line' id='line_1_23' title="bbox 209 2486 1436 2571; baseline 0.001 -20"><span class='ocrx_word' id='word_1_194' title='bbox 209 2487 282 2551; x_wconf 76' lang='grc' dir='ltr'><strong><em>ἐνὸν</em></strong></span> <span class='ocrx_word' id='word_1_195' title='bbox 304 2487 443 2569; x_wconf 79' lang='grc' dir='ltr'><strong><em>ἐκλέγων</em></strong></span> <span class='ocrx_word' id='word_1_196' title='bbox 465 2524 508 2532; x_wconf 96' lang='grc'><strong>-</strong></span> <span class='ocrx_word' id='word_1_197' title='bbox 531 2487 771 2571; x_wconf 89' lang='grc' dir='ltr'><strong><em>μσκρηγορσίη]</em></strong></span> <span class='ocrx_word' id='word_1_198' title='bbox 796 2488 826 2550; x_wconf 91' lang='grc' dir='ltr'><strong><em>τί</em></strong></span> <span class='ocrx_word' id='word_1_199' title='bbox 846 2488 886 2550; x_wconf 89' lang='grc' dir='ltr'><strong><em>ἀν</em></strong></span> <span class='ocrx_word' id='word_1_200' title='bbox 907 2511 952 2557; x_wconf 92' lang='grc' dir='ltr'><strong><em>τις</em></strong></span> <span class='ocrx_word' id='word_1_201' title='bbox 974 2492 1039 2551; x_wconf 87' lang='grc' dir='ltr'><strong><em>πᾶν</em></strong></span> <span class='ocrx_word' id='word_1_202' title='bbox 1061 2486 1097 2551; x_wconf 89' lang='grc' dir='ltr'><strong><em>τὸ</em></strong></span> <span class='ocrx_word' id='word_1_203' title='bbox 1120 2486 1194 2550; x_wconf 74' lang='grc' dir='ltr'><strong><em>ἐνόν</em></strong></span> <span class='ocrx_word' id='word_1_204' title='bbox 1216 2487 1312 2551; x_wconf 81' lang='grc' dir='ltr'><strong><em>εἰπεῖν</em></strong></span> <span class='ocrx_word' id='word_1_205' title='bbox 1334 2487 1436 2570; x_wconf 86' lang='grc' dir='ltr'><strong><em>λέγων</em></strong></span> 
     </span>
     <span class='ocr_line' id='line_1_24' title="bbox 209 2575 1437 2660; baseline -0.001 -18"><span class='ocrx_word' id='word_1_206' title='bbox 209 2613 250 2622; x_wconf 90' lang='grc'>-</span> <span class='ocrx_word' id='word_1_207' title='bbox 274 2577 381 2642; x_wconf 81' lang='lat' dir='ltr'><strong>Herw.</strong></span> <span class='ocrx_word' id='word_1_208' title='bbox 450 2577 479 2639; x_wconf 90' lang='grc'><strong><em>3.</em></strong></span> <span class='ocrx_word' id='word_1_209' title='bbox 510 2575 548 2639; x_wconf 84' lang='grc' dir='ltr'><strong><em>τό</em></strong></span> <span class='ocrx_word' id='word_1_210' title='bbox 581 2576 642 2658; x_wconf 87' lang='grc' dir='ltr'><strong><em>γὰρ</em></strong></span> <span class='ocrx_word' id='word_1_211' title='bbox 670 2576 733 2640; x_wconf 87' lang='grc' dir='ltr'><strong><em>ἴδια</em></strong></span> <span class='ocrx_word' id='word_1_212' title='bbox 760 2578 886 2640; x_wconf 82' lang='grc' dir='ltr'><strong><em>ἕκαστοι</em></strong></span> <span class='ocrx_word' id='word_1_213' title='bbox 918 2575 953 2640; x_wconf 84' lang='grc' dir='ltr'><strong><em>εδ</em></strong></span> <span class='ocrx_word' id='word_1_214' title='bbox 980 2576 1209 2659; x_wconf 78' lang='grc' dir='ltr'><strong><em>βουλευόμενοι</em></strong></span> <span class='ocrx_word' id='word_1_215' title='bbox 1231 2576 1437 2660; x_wconf 81' lang='grc' dir='ltr'><strong><em>(βουλόμενοι</em></strong></span> 
     </span>
     <span class='ocr_line' id='line_1_25' title="bbox 207 2663 1249 2748; baseline -0.004 -18"><span class='ocrx_word' id='word_1_216' title='bbox 207 2672 292 2732; x_wconf 83' lang='lat' dir='ltr'>recte</span> <span class='ocrx_word' id='word_1_217' title='bbox 315 2667 351 2730; x_wconf 94' lang='lat' dir='ltr'><strong>B.</strong></span> <span class='ocrx_word' id='word_1_218' title='bbox 376 2665 409 2730; x_wconf 81' lang='lat' dir='ltr'><strong>G.</strong></span> <span class='ocrx_word' id='word_1_219' title='bbox 432 2663 470 2728; x_wconf 90' lang='lat' dir='ltr'><strong>D.</strong></span> <span class='ocrx_word' id='word_1_220' title='bbox 494 2665 602 2731; x_wconf 79' lang='lat' dir='ltr'><strong>Cobet.</strong></span> <span class='ocrx_word' id='word_1_221' title='bbox 625 2666 743 2747; x_wconf 79' lang='lat' dir='ltr'><strong>HerW.)</strong></span> <span class='ocrx_word' id='word_1_222' title='bbox 770 2665 809 2748; x_wconf 81' lang='grc' dir='ltr'><strong><em>δή</em></strong></span> <span class='ocrx_word' id='word_1_223' title='bbox 833 2666 951 2729; x_wconf 86' lang='grc' dir='ltr'><strong><em>θέσθαι</em></strong></span> <span class='ocrx_word' id='word_1_224' title='bbox 974 2702 1017 2710; x_wconf 95' lang='grc'>-</span> <span class='ocrx_word' id='word_1_225' title='bbox 1040 2665 1249 2748; x_wconf 74' lang='grc' dir='ltr'><strong><em>ἐπολέμησαν.</em></strong></span> 
     </span>
    </p>

    <p class='ocr_par' dir='ltr' id='par_1_10' title="bbox 295 2751 1435 2839">
     <span class='ocr_line' id='line_1_26' title="bbox 295 2751 1435 2839; baseline -0.002 -19"><span class='ocrx_word' id='word_1_226' title='bbox 295 2756 351 2820; x_wconf 88' lang='lat' dir='ltr'><strong>IV.</strong></span> <span class='ocrx_word' id='word_1_227' title='bbox 375 2755 426 2819; x_wconf 89' lang='grc'><strong><em>66.</em></strong></span> <span class='ocrx_word' id='word_1_228' title='bbox 451 2757 480 2817; x_wconf 95' lang='grc'><strong><em>2.</em></strong></span> <span class='ocrx_word' id='word_1_229' title='bbox 503 2754 778 2839; x_wconf 82' lang='grc' dir='ltr'><strong><em>τετρυχωμένους]</em></strong></span> <span class='ocrx_word' id='word_1_230' title='bbox 801 2755 1009 2838; x_wconf 82' lang='grc' dir='ltr'><strong><em>τετρυμένους</em></strong></span> <span class='ocrx_word' id='word_1_231' title='bbox 1025 2753 1133 2820; x_wconf 71' lang='lat' dir='ltr'>Cobet</span> <span class='ocrx_word' id='word_1_232' title='bbox 1172 2753 1217 2818; x_wconf 81' lang='lat' dir='ltr'><strong>Of.</strong></span> <span class='ocrx_word' id='word_1_233' title='bbox 1238 2754 1279 2818; x_wconf 78' lang='lat' dir='ltr'><strong><em>ad</em></strong></span> <span class='ocrx_word' id='word_1_234' title='bbox 1294 2751 1367 2818; x_wconf 87' lang='lat' dir='ltr'><strong>Vll.</strong></span> <span class='ocrx_word' id='word_1_235' title='bbox 1385 2756 1435 2818; x_wconf 86' lang='lat'><strong>28.</strong></span> 
     </span>
    </p>

    <p class='ocr_par' dir='ltr' id='par_1_11' title="bbox 251 2841 1003 2928">
     <span class='ocr_line' id='line_1_27' title="bbox 251 2841 1003 2928; baseline -0.001 -20"><span class='ocrx_word' id='word_1_236' title='bbox 251 2844 326 2908; x_wconf 89' lang='grc' dir='ltr'><strong><em>τάδε</em></strong></span> <span class='ocrx_word' id='word_1_237' title='bbox 348 2845 449 2908; x_wconf 90' lang='grc' dir='ltr'><strong><em>πάντα</em></strong></span> <span class='ocrx_word' id='word_1_238' title='bbox 472 2843 684 2928; x_wconf 78' lang='grc' dir='ltr'><strong><em>πειράσεσθαι</em></strong></span> <span class='ocrx_word' id='word_1_239' title='bbox 706 2849 792 2910; x_wconf 71' lang='lat' dir='ltr'>recte</span> <span class='ocrx_word' id='word_1_240' title='bbox 815 2843 850 2908; x_wconf 80' lang='grc' dir='ltr'><strong><em>Ε.</em></strong></span> <span class='ocrx_word' id='word_1_241' title='bbox 875 2841 922 2926; x_wconf 86' lang='lat' dir='ltr'><strong>G.)</strong></span> <span class='ocrx_word' id='word_1_242' title='bbox 946 2849 1003 2908; x_wconf 80' lang='lat' dir='ltr'><strong>etc.</strong></span> 
     </span>
    </p>

    <p class='ocr_par' dir='ltr' id='par_1_12' title="bbox 295 2928 1283 3046">
     <span class='ocr_line' id='line_1_28' title="bbox 295 2928 1283 3046; baseline -0.003 -48"><span class='ocrx_word' id='word_1_243' title='bbox 295 2931 351 2998; x_wconf 88' lang='lat' dir='ltr'><strong>IV.</strong></span> <span class='ocrx_word' id='word_1_244' title='bbox 376 2934 427 2998; x_wconf 89' lang='grc'><strong><em>61.</em></strong></span> <span class='ocrx_word' id='word_1_245' title='bbox 452 2934 480 2997; x_wconf 94' lang='grc'>5.</span> <span class='ocrx_word' id='word_1_246' title='bbox 505 2933 541 2997; x_wconf 73' lang='grc' dir='ltr'><strong><em>οἵ</em></strong></span> <span class='ocrx_word' id='word_1_247' title='bbox 556 2933 583 2996; x_wconf 83' lang='grc' dir='ltr'><strong><em>τ’</em></strong></span> <span class='ocrx_word' id='word_1_248' title='bbox 606 2933 765 3017; x_wconf 86' lang='grc' dir='ltr'><strong><em>ε’πίνιλητοι</em></strong></span> <span class='ocrx_word' id='word_1_249' title='bbox 788 2934 956 3017; x_wconf 82' lang='grc' dir='ltr'><strong><em>εὐπρεπῶς</em></strong></span> <span class='ocrx_word' id='word_1_250' title='bbox 980 2928 1108 3046; x_wconf 82' lang='grc' dir='ltr'><strong><em>[ἄδικοι]</em></strong></span> <span class='ocrx_word' id='word_1_251' title='bbox 1130 2931 1283 2996; x_wconf 79' lang='grc' dir='ltr'><strong><em>Βιιδ5εια.</em></strong></span> 
     </span>
    </p>

    <p class='ocr_par' dir='ltr' id='par_1_13' title="bbox 208 3018 1435 3198">
     <span class='ocr_line' id='line_1_29' title="bbox 296 3018 1435 3107; baseline 0 -21"><span class='ocrx_word' id='word_1_252' title='bbox 296 3022 352 3086; x_wconf 89' lang='lat' dir='ltr'><strong>IV.</strong></span> <span class='ocrx_word' id='word_1_253' title='bbox 377 3023 427 3087; x_wconf 83' lang='lat'><strong>62.</strong></span> <span class='ocrx_word' id='word_1_254' title='bbox 452 3025 481 3086; x_wconf 91' lang='grc'>2.</span> <span class='ocrx_word' id='word_1_255' title='bbox 506 3024 537 3087; x_wconf 85' lang='grc' dir='ltr'><strong><em>σί</em></strong></span> <span class='ocrx_word' id='word_1_256' title='bbox 562 3023 622 3106; x_wconf 77' lang='grc' dir='ltr'><strong><em>μὲν</em></strong></span> <span class='ocrx_word' id='word_1_257' title='bbox 651 3024 711 3107; x_wconf 85' lang='grc' dir='ltr'><strong><em>οὐχ</em></strong></span> <span class='ocrx_word' id='word_1_258' title='bbox 743 3022 820 3088; x_wconf 85' lang='grc' dir='ltr'><strong><em>ὅσον</em></strong></span> <span class='ocrx_word' id='word_1_259' title='bbox 843 3023 981 3101; x_wconf 67' lang='grc' dir='ltr'><strong><em>(ὅπωςθ)</em></strong></span> <span class='ocrx_word' id='word_1_260' title='bbox 1005 3023 1065 3087; x_wconf 84' lang='grc' dir='ltr'><strong><em>οὐκ</em></strong></span> <span class='ocrx_word' id='word_1_261' title='bbox 1088 3021 1250 3106; x_wconf 88' lang='grc' dir='ltr'><strong><em>ημύναντο</em></strong></span> <span class='ocrx_word' id='word_1_262' title='bbox 1273 3021 1340 3086; x_wconf 80' lang='grc' dir='ltr'><strong><em>ἀλλ’</em></strong></span> <span class='ocrx_word' id='word_1_263' title='bbox 1364 3018 1435 3086; x_wconf 82' lang='grc' dir='ltr'><strong><em>οὐδ’</em></strong></span> 
     </span>
     <span class='ocr_line' id='line_1_30' title="bbox 208 3111 1435 3198; baseline -0.003 -20"><span class='ocrx_word' id='word_1_264' title='bbox 208 3113 387 3196; x_wconf 78' lang='grc' dir='ltr'><strong><em>ἐσώθησαν.</em></strong></span> <span class='ocrx_word' id='word_1_265' title='bbox 456 3113 485 3175; x_wconf 88' lang='grc'><strong><em>3.</em></strong></span> <span class='ocrx_word' id='word_1_266' title='bbox 509 3111 570 3176; x_wconf 82' lang='grc' dir='ltr'><strong><em>οὖν</em></strong></span> <span class='ocrx_word' id='word_1_267' title='bbox 593 3113 717 3196; x_wconf 79' lang='grc' dir='ltr'><strong><em>εὐτυχεῖ</em></strong></span> <span class='ocrx_word' id='word_1_268' title='bbox 737 3112 868 3184; x_wconf 79' lang='grc' dir='ltr'><strong><em>δικαίως</em></strong></span> <span class='ocrx_word' id='word_1_269' title='bbox 884 3111 946 3198; x_wconf 87' lang='grc' dir='ltr'><strong><em>ὅτι]</em></strong></span> <span class='ocrx_word' id='word_1_270' title='bbox 970 3113 1031 3177; x_wconf 81' lang='grc' dir='ltr'><strong><em>οὐκ</em></strong></span> <span class='ocrx_word' id='word_1_271' title='bbox 1054 3111 1178 3195; x_wconf 80' lang='grc' dir='ltr'><strong><em>εὐτυχεῖ</em></strong></span> <span class='ocrx_word' id='word_1_272' title='bbox 1191 3111 1268 3176; x_wconf 80' lang='grc' dir='ltr'><strong><em>διότι</em></strong></span> <span class='ocrx_word' id='word_1_273' title='bbox 1281 3111 1435 3178; x_wconf 76' lang='lat' dir='ltr'><strong>Badham.</strong></span> 
     </span>
    </p>

    <p class='ocr_par' dir='ltr' id='par_1_14' title="bbox 251 3199 1266 3286">
     <span class='ocr_line' id='line_1_31' title="bbox 251 3199 1266 3286; baseline 0 -21"><span class='ocrx_word' id='word_1_274' title='bbox 251 3199 436 3286; x_wconf 82' lang='grc' dir='ltr'><strong><em>προμηθίᾳ]</em></strong></span> <span class='ocrx_word' id='word_1_275' title='bbox 460 3203 646 3286; x_wconf 83' lang='grc' dir='ltr'><strong><em>προμηθείᾳ</em></strong></span> <span class='ocrx_word' id='word_1_276' title='bbox 670 3201 706 3266; x_wconf 83' lang='lat' dir='ltr'><strong>G.</strong></span> <span class='ocrx_word' id='word_1_277' title='bbox 745 3201 838 3278; x_wconf 81' lang='lat' dir='ltr'>Quod</span> <span class='ocrx_word' id='word_1_278' title='bbox 860 3201 1100 3286; x_wconf 79' lang='lat' dir='ltr'><strong>praeferendum</strong></span> <span class='ocrx_word' id='word_1_279' title='bbox 1126 3201 1266 3266; x_wconf 74' lang='lat' dir='ltr'><strong>videtur.</strong></span> 
     </span>
    </p>

    <p class='ocr_par' dir='ltr' id='par_1_15' title="bbox 205 3288 1437 4090">
     <span class='ocr_line' id='line_1_32' title="bbox 295 3288 1436 3375; baseline 0.001 -20"><span class='ocrx_word' id='word_1_280' title='bbox 295 3291 351 3356; x_wconf 86' lang='lat' dir='ltr'><strong>IV.</strong></span> <span class='ocrx_word' id='word_1_281' title='bbox 376 3291 426 3354; x_wconf 91' lang='grc'><strong><em>63.</em></strong></span> <span class='ocrx_word' id='word_1_282' title='bbox 455 3292 480 3353; x_wconf 93' lang='lat' dir='ltr'><strong>l.</strong></span> <span class='ocrx_word' id='word_1_283' title='bbox 511 3291 562 3354; x_wconf 87' lang='grc' dir='ltr'><strong><em>διὰ</em></strong></span> <span class='ocrx_word' id='word_1_284' title='bbox 585 3290 621 3354; x_wconf 87' lang='grc' dir='ltr'><strong><em>τό</em></strong></span> <span class='ocrx_word' id='word_1_285' title='bbox 644 3291 706 3375; x_wconf 86' lang='grc' dir='ltr'><strong><em>ἤδη</em></strong></span> <span class='ocrx_word' id='word_1_286' title='bbox 731 3289 894 3375; x_wconf 79' lang='grc' dir='ltr'><strong><em>φοβεροὺς</em></strong></span> <span class='ocrx_word' id='word_1_287' title='bbox 916 3290 1076 3373; x_wconf 86' lang='grc' dir='ltr'><strong><em>παρόντας</em></strong></span> <span class='ocrx_word' id='word_1_288' title='bbox 1095 3288 1302 3375; x_wconf 78' lang='grc' dir='ltr'><strong><em>Ἀθηναίους]</em></strong></span> <span class='ocrx_word' id='word_1_289' title='bbox 1333 3290 1436 3356; x_wconf 75' lang='lat' dir='ltr'>Corri-</span> 
     </span>
     <span class='ocr_line' id='line_1_33' title="bbox 207 3377 1435 3466; baseline -0.003 -20"><span class='ocrx_word' id='word_1_290' title='bbox 207 3382 347 3466; x_wconf 79' lang='lat' dir='ltr'>gendum</span> <span class='ocrx_word' id='word_1_291' title='bbox 371 3385 427 3444; x_wconf 81' lang='lat' dir='ltr'><strong><em>aut</em></strong></span> <span class='ocrx_word' id='word_1_292' title='bbox 451 3379 501 3444; x_wconf 84' lang='grc' dir='ltr'><strong><em>διὰ</em></strong></span> <span class='ocrx_word' id='word_1_293' title='bbox 528 3379 602 3451; x_wconf 85' lang='grc' dir='ltr'><strong><em>τοὺς</em></strong></span> <span class='ocrx_word' id='word_1_294' title='bbox 625 3381 687 3464; x_wconf 84' lang='grc' dir='ltr'><strong><em>ἤδη</em></strong></span> <span class='ocrx_word' id='word_1_295' title='bbox 713 3419 768 3454; x_wconf 84' lang='grc'><strong><em>-,</em></strong></span> <span class='ocrx_word' id='word_1_296' title='bbox 797 3386 852 3444; x_wconf 83' lang='lat' dir='ltr'><strong><em>aut</em></strong></span> <span class='ocrx_word' id='word_1_297' title='bbox 880 3379 930 3443; x_wconf 86' lang='grc' dir='ltr'><strong><em>διὰ</em></strong></span> <span class='ocrx_word' id='word_1_298' title='bbox 958 3377 993 3444; x_wconf 88' lang='grc' dir='ltr'><strong><em>τό</em></strong></span> <span class='ocrx_word' id='word_1_299' title='bbox 1021 3379 1083 3462; x_wconf 85' lang='grc' dir='ltr'><strong><em>ἤδη</em></strong></span> <span class='ocrx_word' id='word_1_300' title='bbox 1108 3416 1151 3424; x_wconf 96' lang='grc'><strong>-</strong></span> <span class='ocrx_word' id='word_1_301' title='bbox 1174 3384 1318 3463; x_wconf 88' lang='grc' dir='ltr'><strong><em>παρεῖναι</em></strong></span> <span class='ocrx_word' id='word_1_302' title='bbox 1337 3380 1435 3464; x_wconf 82' lang='grc' dir='ltr'><strong><em>Ἀθη-</em></strong></span> 
     </span>
     <span class='ocr_line' id='line_1_34' title="bbox 206 3464 1435 3553; baseline -0.002 -18"><span class='ocrx_word' id='word_1_303' title='bbox 206 3473 322 3542; x_wconf 90' lang='grc' dir='ltr'><strong><em>ναίους.</em></strong></span> <span class='ocrx_word' id='word_1_304' title='bbox 362 3469 421 3546; x_wconf 81' lang='lat' dir='ltr'><strong>Qu.</strong></span> <span class='ocrx_word' id='word_1_305' title='bbox 445 3469 485 3533; x_wconf 88' lang='grc' dir='ltr'><strong><em>δι’</em></strong></span> <span class='ocrx_word' id='word_1_306' title='bbox 509 3470 571 3553; x_wconf 87' lang='grc' dir='ltr'><strong><em>ήδη</em></strong></span> <span class='ocrx_word' id='word_1_307' title='bbox 597 3507 652 3530; x_wconf 93' lang='grc'><strong><em>-.</em></strong></span> <span class='ocrx_word' id='word_1_308' title='bbox 692 3464 736 3533; x_wconf 83' lang='lat' dir='ltr'><strong>Of.</strong></span> <span class='ocrx_word' id='word_1_309' title='bbox 761 3466 798 3531; x_wconf 89' lang='lat' dir='ltr'><strong><em>V.</em></strong></span> <span class='ocrx_word' id='word_1_310' title='bbox 824 3471 852 3532; x_wconf 79' lang='lat'><strong>7.</strong></span> <span class='ocrx_word' id='word_1_311' title='bbox 886 3469 924 3533; x_wconf 84' lang='grc' dir='ltr'><strong><em>οὐ</em></strong></span> <span class='ocrx_word' id='word_1_312' title='bbox 955 3467 1154 3553; x_wconf 80' lang='grc' dir='ltr'><strong><em>βουλόμενος</em></strong></span> <span class='ocrx_word' id='word_1_313' title='bbox 1181 3466 1296 3539; x_wconf 82' lang='grc' dir='ltr'><strong><em>αὐτοὺς</em></strong></span> <span class='ocrx_word' id='word_1_314' title='bbox 1326 3467 1376 3532; x_wconf 84' lang='grc' dir='ltr'><strong><em>διό</em></strong></span> <span class='ocrx_word' id='word_1_315' title='bbox 1400 3467 1435 3532; x_wconf 88' lang='grc' dir='ltr'><strong><em>τό</em></strong></span> 
     </span>
     <span class='ocr_line' id='line_1_35' title="bbox 207 3553 1436 3642; baseline 0 -19"><span class='ocrx_word' id='word_1_316' title='bbox 207 3560 283 3642; x_wconf 78' lang='lat' dir='ltr'><strong>(del.</strong></span> <span class='ocrx_word' id='word_1_317' title='bbox 313 3559 364 3624; x_wconf 87' lang='grc' dir='ltr'><strong><em>διὰ</em></strong></span> <span class='ocrx_word' id='word_1_318' title='bbox 395 3558 468 3639; x_wconf 73' lang='grc' dir='ltr'><strong><em>τδΡ)</em></strong></span> <span class='ocrx_word' id='word_1_319' title='bbox 500 3561 535 3622; x_wconf 78' lang='grc' dir='ltr'><strong><em>ἓν</em></strong></span> <span class='ocrx_word' id='word_1_320' title='bbox 566 3566 613 3642; x_wconf 78' lang='grc' dir='ltr'><strong><em>τῷ</em></strong></span> <span class='ocrx_word' id='word_1_321' title='bbox 645 3559 733 3642; x_wconf 79' lang='grc' dir='ltr'><strong><em>αότῷ</em></strong></span> <span class='ocrx_word' id='word_1_322' title='bbox 764 3562 822 3622; x_wconf 76' lang='lat' dir='ltr'><strong>eto.</strong></span> <span class='ocrx_word' id='word_1_323' title='bbox 912 3557 947 3622; x_wconf 90' lang='grc' dir='ltr'><strong><em>τδ</em></strong></span> <span class='ocrx_word' id='word_1_324' title='bbox 980 3555 1099 3628; x_wconf 77' lang='grc' dir='ltr'><strong><em>ἐλλιπὲς</em></strong></span> <span class='ocrx_word' id='word_1_325' title='bbox 1135 3563 1189 3641; x_wconf 87' lang='grc' dir='ltr'><strong><em>τῆς</em></strong></span> <span class='ocrx_word' id='word_1_326' title='bbox 1224 3558 1355 3641; x_wconf 84' lang='grc' dir='ltr'><strong><em>γνώμης</em></strong></span> <span class='ocrx_word' id='word_1_327' title='bbox 1387 3553 1436 3623; x_wconf 85' lang='grc' dir='ltr'><strong><em>ών</em></strong></span> 
     </span>
     <span class='ocr_line' id='line_1_36' title="bbox 207 3642 1434 3732; baseline -0.003 -18"><span class='ocrx_word' id='word_1_328' title='bbox 207 3648 338 3720; x_wconf 81' lang='grc' dir='ltr'><strong><em>ἕκαστός</em></strong></span> <span class='ocrx_word' id='word_1_329' title='bbox 360 3673 386 3712; x_wconf 94' lang='grc' dir='ltr'><strong><em>τι</em></strong></span> <span class='ocrx_word' id='word_1_330' title='bbox 409 3651 464 3731; x_wconf 94' lang='grc' dir='ltr'><strong><em>(τις</em></strong></span> <span class='ocrx_word' id='word_1_331' title='bbox 486 3653 572 3713; x_wconf 81' lang='lat' dir='ltr'><strong>reete</strong></span> <span class='ocrx_word' id='word_1_332' title='bbox 596 3648 633 3712; x_wconf 80' lang='lat' dir='ltr'><strong>A.</strong></span> <span class='ocrx_word' id='word_1_333' title='bbox 658 3647 705 3727; x_wconf 79' lang='grc'>6.]</span> <span class='ocrx_word' id='word_1_334' title='bbox 729 3648 886 3731; x_wconf 83' lang='grc' dir='ltr'><strong><em>ᾠήθημεν</em></strong></span> <span class='ocrx_word' id='word_1_335' title='bbox 909 3647 1020 3731; x_wconf 75' lang='grc' dir='ltr'><strong><em>(ᾠήθη</em></strong></span> <span class='ocrx_word' id='word_1_336' title='bbox 1044 3645 1104 3729; x_wconf 76' lang='grc' dir='ltr'><strong><em>μέν</em></strong></span> <span class='ocrx_word' id='word_1_337' title='bbox 1127 3647 1166 3712; x_wconf 86' lang='grc' dir='ltr'><strong><em>Α.</em></strong></span> <span class='ocrx_word' id='word_1_338' title='bbox 1189 3645 1222 3711; x_wconf 77' lang='lat' dir='ltr'><strong>F.</strong></span> <span class='ocrx_word' id='word_1_339' title='bbox 1247 3645 1315 3730; x_wconf 78' lang='lat' dir='ltr'>lege</span> <span class='ocrx_word' id='word_1_340' title='bbox 1337 3642 1434 3732; x_wconf 82' lang='grc' dir='ltr'><strong><em>ᾠήθη</em></strong></span> 
     </span>
     <span class='ocr_line' id='line_1_37' title="bbox 206 3734 1437 3822; baseline -0.002 -20"><span class='ocrx_word' id='word_1_341' title='bbox 206 3739 256 3820; x_wconf 85' lang='grc' dir='ltr'><strong><em>ἀν)</em></strong></span> <span class='ocrx_word' id='word_1_342' title='bbox 288 3739 419 3821; x_wconf 83' lang='grc' dir='ltr'><strong><em>πράξειν</em></strong></span> <span class='ocrx_word' id='word_1_343' title='bbox 450 3739 579 3821; x_wconf 85' lang='grc' dir='ltr'><strong><em>(πρᾶξαι</em></strong></span> <span class='ocrx_word' id='word_1_344' title='bbox 610 3742 696 3803; x_wconf 75' lang='lat' dir='ltr'>recte</span> <span class='ocrx_word' id='word_1_345' title='bbox 721 3737 777 3819; x_wconf 81' lang='lat' dir='ltr'><strong>G.).</strong></span> <span class='ocrx_word' id='word_1_346' title='bbox 846 3734 894 3802; x_wconf 91' lang='grc' dir='ltr'><strong><em>ών</em></strong></span> <span class='ocrx_word' id='word_1_347' title='bbox 917 3735 1048 3807; x_wconf 81' lang='grc' dir='ltr'><strong><em>ἔκαστός</em></strong></span> <span class='ocrx_word' id='word_1_348' title='bbox 1069 3735 1130 3822; x_wconf 88' lang='grc' dir='ltr'><strong><em>τις]</em></strong></span> <span class='ocrx_word' id='word_1_349' title='bbox 1162 3735 1187 3800; x_wconf 90' lang='grc' dir='ltr'><strong><em>Ι.</em></strong></span> <span class='ocrx_word' id='word_1_350' title='bbox 1212 3754 1237 3800; x_wconf 88' lang='grc'><strong><em>0.</em></strong></span> <span class='ocrx_word' id='word_1_351' title='bbox 1261 3735 1437 3802; x_wconf 79' lang='grc' dir='ltr'><strong><em>ἕκείνωνό</em></strong></span> 
     </span>
     <span class='ocr_line' id='line_1_38' title="bbox 205 3823 1436 3910; baseline 0.001 -19"><span class='ocrx_word' id='word_1_352' title='bbox 205 3853 249 3900; x_wconf 91' lang='grc' dir='ltr'><strong><em>τις</em></strong></span> <span class='ocrx_word' id='word_1_353' title='bbox 273 3834 329 3893; x_wconf 79' lang='lat' dir='ltr'><strong>etc.</strong></span> <span class='ocrx_word' id='word_1_354' title='bbox 354 3826 413 3904; x_wconf 57' lang='grc'>,64.</span> <span class='ocrx_word' id='word_1_355' title='bbox 437 3827 478 3890; x_wconf 95' lang='grc' dir='ltr'><strong><em>ΙΙ.</em></strong></span> <span class='ocrx_word' id='word_1_356' title='bbox 503 3828 554 3892; x_wconf 88' lang='grc'><strong><em>40.</em></strong></span> <span class='ocrx_word' id='word_1_357' title='bbox 588 3827 628 3891; x_wconf 90' lang='grc' dir='ltr'><strong><em>δι’</em></strong></span> <span class='ocrx_word' id='word_1_358' title='bbox 656 3827 780 3898; x_wconf 82' lang='grc' dir='ltr'><strong><em>εὐνοίας</em></strong></span> <span class='ocrx_word' id='word_1_359' title='bbox 807 3824 837 3909; x_wconf 80' lang='grc' dir='ltr'><em>ᾦ</em></span> <span class='ocrx_word' id='word_1_360' title='bbox 866 3826 989 3891; x_wconf 83' lang='grc' dir='ltr'><strong><em>δέδωκε</em></strong></span> <span class='ocrx_word' id='word_1_361' title='bbox 1013 3826 1133 3901; x_wconf 85' lang='grc' dir='ltr'><strong><em>σώζειν.</em></strong></span> <span class='ocrx_word' id='word_1_362' title='bbox 1162 3823 1203 3890; x_wconf 89' lang='grc' dir='ltr'><strong><em>ΙΙ.</em></strong></span> <span class='ocrx_word' id='word_1_363' title='bbox 1229 3826 1279 3890; x_wconf 89' lang='grc'><strong><em>65.</em></strong></span> <span class='ocrx_word' id='word_1_364' title='bbox 1304 3827 1436 3910; x_wconf 78' lang='grc' dir='ltr'><strong><em>γνώμης</em></strong></span> 
     </span>
     <span class='ocr_line' id='line_1_39' title="bbox 206 3913 1436 4001; baseline -0.001 -21"><span class='ocrx_word' id='word_1_365' title='bbox 206 3916 289 4001; x_wconf 87' lang='grc' dir='ltr'><strong><em>πρὸς</em></strong></span> <span class='ocrx_word' id='word_1_366' title='bbox 320 3919 376 3988; x_wconf 85' lang='grc' dir='ltr'><strong><em>οδς</em></strong></span> <span class='ocrx_word' id='word_1_367' title='bbox 409 3915 546 4000; x_wconf 73' lang='grc' dir='ltr'><strong><em>ἐπῄεσαν</em></strong></span> <span class='ocrx_word' id='word_1_368' title='bbox 578 3916 758 4001; x_wconf 87' lang='grc' dir='ltr'><strong><em>ἁμάρτημα.</em></strong></span> <span class='ocrx_word' id='word_1_369' title='bbox 788 3913 842 3979; x_wconf 84' lang='lat' dir='ltr'><strong>VI.</strong></span> <span class='ocrx_word' id='word_1_370' title='bbox 868 3916 918 3979; x_wconf 90' lang='grc'><strong><em>31.</em></strong></span> <span class='ocrx_word' id='word_1_371' title='bbox 947 3920 1091 4000; x_wconf 87' lang='grc' dir='ltr'><strong><em>στρατιᾶς</em></strong></span> <span class='ocrx_word' id='word_1_372' title='bbox 1112 3913 1194 3998; x_wconf 89' lang='grc' dir='ltr'><strong><em>πρὸς</em></strong></span> <span class='ocrx_word' id='word_1_373' title='bbox 1218 3917 1275 3987; x_wconf 80' lang='grc' dir='ltr'><strong><em>οὓς</em></strong></span> <span class='ocrx_word' id='word_1_374' title='bbox 1298 3916 1436 3999; x_wconf 79' lang='grc' dir='ltr'><strong><em>ἐπῄεσαν</em></strong></span> 
     </span>
     <span class='ocr_line' id='line_1_40' title="bbox 206 4003 1434 4090; baseline -0.003 -19"><span class='ocrx_word' id='word_1_375' title='bbox 206 4006 377 4090; x_wconf 78' lang='grc' dir='ltr'><strong><em>ὑπερβολῇ.</em></strong></span> <span class='ocrx_word' id='word_1_376' title='bbox 410 4005 466 4069; x_wconf 83' lang='lat' dir='ltr'><strong>IV.</strong></span> <span class='ocrx_word' id='word_1_377' title='bbox 492 4006 542 4069; x_wconf 88' lang='grc'><strong><em>92.</em></strong></span> <span class='ocrx_word' id='word_1_378' title='bbox 576 4006 615 4070; x_wconf 82' lang='grc' dir='ltr'><strong><em>οὗ</em></strong></span> <span class='ocrx_word' id='word_1_379' title='bbox 647 4005 708 4088; x_wconf 84' lang='grc' dir='ltr'><strong><em>γὰρ</em></strong></span> <span class='ocrx_word' id='word_1_380' title='bbox 740 4003 775 4069; x_wconf 88' lang='grc' dir='ltr'><strong><em>τὸ</em></strong></span> <span class='ocrx_word' id='word_1_381' title='bbox 807 4003 978 4090; x_wconf 83' lang='grc' dir='ltr'><strong><em>προμηθὲς</em></strong></span> <span class='ocrx_word' id='word_1_382' title='bbox 1009 4004 1056 4075; x_wconf 82' lang='grc' dir='ltr'><strong><em>οἱς</em></strong></span> <span class='ocrx_word' id='word_1_383' title='bbox 1088 4007 1128 4069; x_wconf 84' lang='grc' dir='ltr'><strong><em>ἀν</em></strong></span> <span class='ocrx_word' id='word_1_384' title='bbox 1160 4004 1254 4076; x_wconf 88' lang='grc' dir='ltr'><strong><em>ἀλλος</em></strong></span> <span class='ocrx_word' id='word_1_385' title='bbox 1282 4005 1351 4090; x_wconf 83' lang='grc' dir='ltr'><strong><em>έπίη</em></strong></span> <span class='ocrx_word' id='word_1_386' title='bbox 1376 4008 1434 4070; x_wconf 80' lang='lat' dir='ltr'><strong>eto.</strong></span> 
     </span>
    </p>

    <p class='ocr_par' dir='ltr' id='par_1_16' title="bbox 205 4092 1434 4449">
     <span class='ocr_line' id='line_1_41' title="bbox 251 4092 1434 4180; baseline -0.003 -20"><span class='ocrx_word' id='word_1_387' title='bbox 251 4094 431 4180; x_wconf 80' lang='grc' dir='ltr'><strong><em>εἱρχθῆναι]</em></strong></span> <span class='ocrx_word' id='word_1_388' title='bbox 461 4094 569 4160; x_wconf 76' lang='lat' dir='ltr'>Scribe</span> <span class='ocrx_word' id='word_1_389' title='bbox 597 4095 769 4179; x_wconf 80' lang='grc' dir='ltr'><strong><em>εἱρχθῆναι.</em></strong></span> <span class='ocrx_word' id='word_1_390' title='bbox 839 4097 867 4157; x_wconf 94' lang='grc'><strong><em>2.</em></strong></span> <span class='ocrx_word' id='word_1_391' title='bbox 896 4093 1099 4178; x_wconf 88' lang='grc' dir='ltr'><strong><em>πειθόμενοι]</em></strong></span> <span class='ocrx_word' id='word_1_392' title='bbox 1127 4093 1297 4177; x_wconf 89' lang='grc' dir='ltr'><strong><em>πιθόμενοι</em></strong></span> <span class='ocrx_word' id='word_1_393' title='bbox 1326 4092 1434 4159; x_wconf 80' lang='lat' dir='ltr'><strong>Cobet.</strong></span> 
     </span>
     <span class='ocr_line' id='line_1_42' title="bbox 206 4182 1434 4269; baseline -0.003 -19"><span class='ocrx_word' id='word_1_394' title='bbox 206 4185 310 4252; x_wconf 75' lang='lat' dir='ltr'><strong>Recte.</strong></span> <span class='ocrx_word' id='word_1_395' title='bbox 350 4185 530 4269; x_wconf 76' lang='lat' dir='ltr'><strong>Opponitur</strong></span> <span class='ocrx_word' id='word_1_396' title='bbox 552 4184 781 4268; x_wconf 84' lang='grc' dir='ltr'><strong><em>ἀπιστήσαντες.</em></strong></span> <span class='ocrx_word' id='word_1_397' title='bbox 850 4184 944 4267; x_wconf 83' lang='grc' dir='ltr'><strong><em>ἀρετῇ</em></strong></span> <span class='ocrx_word' id='word_1_398' title='bbox 974 4182 1203 4267; x_wconf 84' lang='grc' dir='ltr'><strong><em>ἀμυνούμεθα]</em></strong></span> <span class='ocrx_word' id='word_1_399' title='bbox 1237 4182 1434 4266; x_wconf 86' lang='grc' dir='ltr'><strong><em>ἀνταμυνοό-</em></strong></span> 
     </span>
     <span class='ocr_line' id='line_1_43' title="bbox 205 4267 1434 4358; baseline -0.002 -20"><span class='ocrx_word' id='word_1_400' title='bbox 205 4276 291 4358; x_wconf 80' lang='grc' dir='ltr'><strong><em>μεθα</em></strong></span> <span class='ocrx_word' id='word_1_401' title='bbox 315 4274 467 4338; x_wconf 82' lang='lat' dir='ltr'><strong>Badham.</strong></span> <span class='ocrx_word' id='word_1_402' title='bbox 541 4275 569 4338; x_wconf 87' lang='grc'><strong><em>3.</em></strong></span> <span class='ocrx_word' id='word_1_403' title='bbox 593 4273 671 4338; x_wconf 84' lang='grc' dir='ltr'><strong><em>ἀλλὰ</em></strong></span> <span class='ocrx_word' id='word_1_404' title='bbox 694 4273 748 4337; x_wconf 85' lang='grc' dir='ltr'><strong><em>καλ</em></strong></span> <span class='ocrx_word' id='word_1_405' title='bbox 770 4275 851 4355; x_wconf 86' lang='grc' dir='ltr'><strong><em>ἀγαν</em></strong></span> <span class='ocrx_word' id='word_1_406' title='bbox 874 4275 903 4337; x_wconf 87' lang='grc' dir='ltr'><strong><em>εἰ</em></strong></span> <span class='ocrx_word' id='word_1_407' title='bbox 921 4272 1081 4357; x_wconf 90' lang='grc' dir='ltr'><strong><em>τύχοιμεν]</em></strong></span> <span class='ocrx_word' id='word_1_408' title='bbox 1110 4267 1187 4336; x_wconf 84' lang='grc' dir='ltr'><strong><em>ἀλλά</em></strong></span> <span class='ocrx_word' id='word_1_409' title='bbox 1211 4271 1272 4335; x_wconf 78' lang='grc' dir='ltr'><strong><em>κᾶν</em></strong></span> <span class='ocrx_word' id='word_1_410' title='bbox 1295 4268 1434 4355; x_wconf 83' lang='grc' dir='ltr'><strong><em>εύτυχῶ-</em></strong></span> 
     </span>
     <span class='ocr_line' id='line_1_44' title="bbox 205 4361 1372 4449; baseline -0.003 -21"><span class='ocrx_word' id='word_1_411' title='bbox 205 4388 265 4449; x_wconf 89' lang='grc' dir='ltr'><strong><em>μεν</em></strong></span> <span class='ocrx_word' id='word_1_412' title='bbox 288 4363 396 4428; x_wconf 70' lang='lat' dir='ltr'><strong>Cobet.</strong></span> <span class='ocrx_word' id='word_1_413' title='bbox 465 4363 550 4446; x_wconf 88' lang='grc' dir='ltr'><strong><em>φίλοι</em></strong></span> <span class='ocrx_word' id='word_1_414' title='bbox 571 4363 631 4446; x_wconf 83' lang='grc' dir='ltr'><strong><em>μὲν</em></strong></span> <span class='ocrx_word' id='word_1_415' title='bbox 654 4365 694 4427; x_wconf 81' lang='grc' dir='ltr'><strong><em>ἂν</em></strong></span> <span class='ocrx_word' id='word_1_416' title='bbox 719 4401 759 4409; x_wconf 89' lang='grc'><strong>-</strong></span> <span class='ocrx_word' id='word_1_417' title='bbox 783 4362 957 4446; x_wconf 82' lang='grc' dir='ltr'><strong><em>γιγνόμεθα</em></strong></span> <span class='ocrx_word' id='word_1_418' title='bbox 982 4363 1058 4446; x_wconf 88' lang='lat' dir='ltr'>(imo</span> <span class='ocrx_word' id='word_1_419' title='bbox 1082 4361 1287 4444; x_wconf 83' lang='grc' dir='ltr'><strong><em>γιγνοίμεθα).</em></strong></span> <span class='ocrx_word' id='word_1_420' title='bbox 1369 4435 1372 4441; x_wconf 24' lang='lat'><strong>¹</strong></span> 
     </span>
    </p>

    <p class='ocr_par' dir='ltr' id='par_1_17' title="bbox 206 4448 1438 4628">
     <span class='ocr_line' id='line_1_45' title="bbox 294 4448 1437 4536; baseline -0.003 -19"><span class='ocrx_word' id='word_1_421' title='bbox 294 4453 350 4517; x_wconf 89' lang='lat' dir='ltr'><strong>IV.</strong></span> <span class='ocrx_word' id='word_1_422' title='bbox 376 4453 426 4516; x_wconf 90' lang='grc'><strong><em>64.</em></strong></span> <span class='ocrx_word' id='word_1_423' title='bbox 453 4454 479 4514; x_wconf 93' lang='lat' dir='ltr'><strong>l.</strong></span> <span class='ocrx_word' id='word_1_424' title='bbox 503 4453 585 4516; x_wconf 80' lang='grc' dir='ltr'><strong><em>κούκ</em></strong></span> <span class='ocrx_word' id='word_1_425' title='bbox 609 4454 676 4536; x_wconf 79' lang='lat' dir='ltr'><strong>(aut</strong></span> <span class='ocrx_word' id='word_1_426' title='bbox 698 4453 751 4517; x_wconf 82' lang='grc' dir='ltr'><strong><em>καὶ</em></strong></span> <span class='ocrx_word' id='word_1_427' title='bbox 773 4452 830 4536; x_wconf 82' lang='grc' dir='ltr'><strong><em>μὴ]</em></strong></span> <span class='ocrx_word' id='word_1_428' title='bbox 855 4453 953 4516; x_wconf 78' lang='grc' dir='ltr'><strong><em>ἐπιών</em></strong></span> <span class='ocrx_word' id='word_1_429' title='bbox 976 4474 1021 4534; x_wconf 83' lang='grc' dir='ltr'><strong><em>τῳ</em></strong></span> <span class='ocrx_word' id='word_1_430' title='bbox 1044 4450 1166 4534; x_wconf 86' lang='grc' dir='ltr'><strong><em>μᾶλλον</em></strong></span> <span class='ocrx_word' id='word_1_431' title='bbox 1189 4452 1209 4534; x_wconf 81' lang='grc' dir='ltr'><em>ἢ</em></span> <span class='ocrx_word' id='word_1_432' title='bbox 1234 4448 1437 4533; x_wconf 88' lang='grc' dir='ltr'><strong><em>ἀμυνόμενος</em></strong></span> 
     </span>
     <span class='ocr_line' id='line_1_46' title="bbox 206 4539 1438 4628; baseline -0.005 -19"><span class='ocrx_word' id='word_1_433' title='bbox 206 4544 286 4626; x_wconf 73' lang='lat' dir='ltr'><strong>conj.</strong></span> <span class='ocrx_word' id='word_1_434' title='bbox 315 4541 459 4628; x_wconf 78' lang='lat' dir='ltr'><strong>Lenting.</strong></span> <span class='ocrx_word' id='word_1_435' title='bbox 489 4541 528 4606; x_wconf 79' lang='lat' dir='ltr'><strong><em>ad</em></strong></span> <span class='ocrx_word' id='word_1_436' title='bbox 552 4541 635 4606; x_wconf 78' lang='lat' dir='ltr'><strong>Med.</strong></span> <span class='ocrx_word' id='word_1_437' title='bbox 661 4541 733 4607; x_wconf 86' lang='grc'>546.</span> <span class='ocrx_word' id='word_1_438' title='bbox 810 4541 1060 4626; x_wconf 86' lang='grc' dir='ltr'><strong><em>προειδομένους</em></strong></span> <span class='ocrx_word' id='word_1_439' title='bbox 1092 4539 1174 4606; x_wconf 87' lang='lat' dir='ltr'><strong>libri.</strong></span> <span class='ocrx_word' id='word_1_440' title='bbox 1207 4539 1438 4625; x_wconf 86' lang='grc' dir='ltr'><strong><em>προειδόμενος</em></strong></span> 
     </span>
    </p>
   </div>
   <div class='ocr_carea' id='block_1_3' title="bbox 0 0 1792 5340">
    <p class='ocr_par' dir='ltr' id='par_1_18' title="bbox 0 0 1792 5340">
     <span class='ocr_line' id='line_1_47' title="bbox 0 0 1792 5340; baseline 0 0"><span class='ocrx_word' id='word_1_441' title='bbox 0 0 1792 5340; x_wconf 95' lang='lat' dir='ltr'><strong><em> </em></strong></span> 
     </span>
    </p>
   </div>
  </div>
 </body>
</html>
