3576 5340
315 405 338 468 4
842 421 1029 470 memmae

363 584 391 647 7.
415 583 448 654 ές
469 583 560 648 τόνδε
592 583 640 648 aa
671 581 725 648 τὸν
752 583 904 669 πόλεμον]
939 581 982 647 Of.
1006 581 1081 647 Eur.
1105 582 1155 647 Fr.
1180 583 1253 647 363.
1286 582 1330 654 είς
1360 581 1420 667 μὲν
1451 583 1546 667 λόγος

315 697 372 756 μοι
396 673 483 756 δεῦρ’
507 674 554 737 ἀεὶ
576 675 761 756 περαίνεται.
784 674 900 758 Αάοερ.
927 675 998 737 183.
1061 673 1098 736 τά
1121 673 1181 756 μὲν
1205 673 1414 756 σπενδόμενοι
1437 674 1473 737 τά
1499 672 1544 760 δὲ]

315 763 593 846 πολεμοῦντες-
618 762 811 827 Donaldson.
883 800 886 802 ·
1029 794 1031 798 ¹

403 853 428 916 Ι.
439 853 490 916 20.
503 854 530 916 1.
552 852 674 936 χαλεπά
690 854 765 916 ὄντα
780 852 872 916 παντὶ
887 853 960 935 ἑξῆς
975 853 1137 935 τεκμηρίῳ
1151 857 1310 916 πιστεῦσαι
1326 853 1357 932 (l.
1372 853 1544 933 πιστῶσαι).

361 941 535 1026 πιστεῦσαι]
559 947 711 1006 πιστῶσαι
728 943 779 1024 (to
795 941 1053 1006 substantiata
1076 942 1124 1025 by
1144 943 1271 1025 praef)
1287 943 1367 1024 conj.
1383 941 1545 1024 Linw00d‚

316 1031 385 1094 coll.
409 1031 465 1094 IV.
490 1033 541 1094 88.
633 1035 662 1094 4.
693 1032 795 1101 οὕτως
819 1029 1056 1114 ἀταλαίπωρος]
1081 1029 1125 1093 cf.
1150 1031 1246 1094 Arist.
1269 1029 1319 1094 Fr.
1345 1032 1418 1094 250.
1442 1033 1545 1101 οὕτως

319 1121 425 1190 αὐτοῖς
448 1121 681 1203 ἀταλαιπώρως
703 1123 723 1204 ἡ
747 1122 871 1203 ποίησις
895 1121 1032 1184 διέκειτο.
1060 1118 1193 1201 Dionys.
1216 1121 1255 1183 A.
1279 1119 1314 1184 R.
1338 1121 1393 1183 IV.
1417 1141 1446 1204 p.
1472 1121 1544 1184 718.

406 1208 429 1272 Ι.
454 1211 506 1272 21.
532 1212 559 1273 1.
592 1213 628 1274 ἐκ
662 1215 727 1274 τῶν
754 1210 1008 1292 ἐπιφανεστάτων
1035 1209 1186 1293 σημείων]
1217 1209 1286 1272 Imo
1310 1211 1347 1273 ἐκ
1369 1214 1434 1274 τῶν
1456 1234 1543 1293 περι-

317 1299 521 1381 φανεστάτων
545 1336 599 1362 -.
640 1298 684 1362 cf.
709 1300 749 1363 ad
772 1299 860 1363 VIII.
884 1301 935 1364 87.

404 1405 496 1470 122.
515 1408 542 1469 1.
566 1407 614 1477 ὡς
638 1403 666 1470 δ’
689 1408 730 1470 ἂν
752 1407 782 1488 (1.
798 1407 846 1477 ὡς
862 1405 930 1489 οὖν)
953 1406 1089 1470 ἐδόκουν
1105 1405 1177 1489 ἐμοὶ
1191 1407 1316 1469 ἕκασται
1332 1410 1388 1470 ete.
1456 1406 1543 1489 παρὰ

317 1500 381 1559 τῶν
397 1495 513 1580 ἄλλων]
530 1496 681 1579 περὶτῶν
696 1496 802 1560 ἄλλων
817 1494 978 1559 Linwood.
1003 1495 1105 1560 Recte.
1167 1498 1197 1558 2.
1213 1495 1289 1559 ὅσον
1305 1495 1439 1559 δυνατὸν
1454 1496 1543 1577 ἀκρι-

315 1586 385 1667 βείᾳ
401 1584 472 1667 περὶ
488 1586 621 1649 ἑκάστου
638 1585 830 1669 ἐπεξελθών]
846 1585 915 1648 Imo
935 1585 994 1668 ὅση
1013 1584 1147 1648 δυνατὸν
1163 1585 1306 1668 ἀκριβείᾳ
1317 1622 1373 1647 -.
1420 1587 1448 1648 3.
1464 1585 1543 1648 κατὰ

316 1673 351 1737 τδ
375 1674 592 1758 ἀνθρώπειον]
615 1674 695 1738 κατὰ
718 1673 754 1737 τὸ
778 1675 986 1758 ἀνθρώπινον
1007 1681 1093 1738 recte
1118 1673 1150 1738 O.
1165 1679 1197 1739 et
1207 1674 1244 1737 G.
1254 1694 1299 1757 pr.
1338 1673 1383 1737 cf.
1394 1673 1481 1737 VIII.
1493 1676 1543 1736 24.

316 1765 346 1826 εἰ
366 1763 402 1826 δέ
423 1787 450 1826 τι
474 1764 507 1826 ἓν
534 1769 598 1833 τοῖς
626 1764 839 1846 ἀνθρωπείαις
870 1770 927 1828 τοῦ
959 1764 1031 1848 βίου
1053 1763 1249 1847 παραλόγοις
1272 1763 1462 1847 ἐσφάλησαν,
1486 1769 1544 1827 ete.

316 1853 355 1914 V.
374 1853 446 1915 103.
471 1853 518 1922 οῖς
540 1851 646 1935 παρὸν
668 1853 882 1936 ἀνθρωπείως
905 1855 947 1916 ἔτι
970 1854 1131 1928 σώζεσθαι
1147 1858 1205 1918 eto.
1224 1851 1280 1915 IV.
1299 1854 1371 1916 116.
1439 1855 1468 1916 4.
1492 1853 1545 1916 καὶ

317 1941 408 2024 (περὶ)
431 1946 496 2004 τῶν
518 1942 698 2024 μελλόντων
720 1943 752 2005 Τ.
775 1941 987 2006 Halbertsma.

407 2047 431 2110 Ι.
456 2051 507 2111 23.
530 2049 556 2110 1.
581 2050 666 2112 δυεῖν
690 2049 790 2131 (δυοῖν
814 2049 847 2112 O.
864 2054 895 2113 et
909 2049 945 2113 E.
970 2051 1060 2129 corr.)
1084 2051 1271 2133 ναυμαχίαν.
1311 2049 1356 2114 Cf.
1380 2050 1431 2113 20.
1456 2044 1545 2114 δυοῖν

317 2138 414 2218 (δυεῖν
430 2137 482 2217 Q).
551 2139 581 2200 4.
597 2140 733 2220 ἤρξαντο
758 2137 793 2201 δὲ
809 2137 918 2222 αὐτοῦ]
936 2138 994 2214 Qu.
1010 2137 1112 2222 ἦρξαν
1129 2140 1163 2202 δὲ
1179 2141 1285 2204 αὐτοῦ.
1319 2139 1364 2204 cf.
1375 2141 1437 2202 Av.
1451 2141 1544 2202 1596.

317 2228 388 2292 οὔτε
412 2264 453 2272 -
478 2228 568 2309 ἡμεῖς
599 2229 742 2310 ἤρξαμεν
773 2228 917 2311 πολέμου
948 2227 1031 2311 πρὸς
1052 2229 1137 2310 ὑμᾶς
1160 2235 1217 2293 eto.
1251 2236 1283 2294 et
1310 2229 1350 2292 ad
1373 2228 1446 2292 Pac.
1471 2229 1543 2291 605.

360 2315 415 2386 τὰς
442 2318 689 2397 τριακοντούτεις
716 2315 873 2402 σπονδάς]
913 2315 971 2392 Qu.
1004 2317 1059 2388 τὰς
1090 2321 1333 2400 τρισκανταέτεις
1356 2355 1411 2392 -,
1445 2323 1481 2381 ut
1511 2319 1544 2380 in

317 2405 355 2467 V.
382 2407 431 2468 14.
456 2407 484 2467 3.
524 2405 568 2468 Of.
593 2407 689 2470 Arist.
714 2405 772 2489 Eq.
799 2408 893 2470 1388.
916 2406 971 2477 τάς
993 2410 1265 2491 τριοκοντουτίδσς
1289 2407 1438 2477 σπονδάς.

405 2512 430 2575 Ι.
448 2514 498 2575 24.
519 2513 545 2574 1.
568 2519 778 2596 προσοικοῦσι
799 2513 828 2576 δ’
844 2513 942 2597 αὗτὴν
958 2514 1085 2599 (αὐτῇη
1105 2514 1293 2580 Ταυλάντιοι.
1364 2515 1546 2579 Ταυλάντιοι

318 2602 493 2686 βάρβαροι]
522 2601 612 2682 Ἠίαα
643 2602 776 2678 fortasse
808 2604 998 2668 hodiernum
1030 2623 1157 2677 nomen¹
1180 2604 1355 2669 Dalmati.
1432 2605 1545 2687 ἕκτης

316 2691 544 2774 μητροπόλεως
567 2693 777 2776 κατακληθείς
801 2693 982 2776 (κληθείςῖ).
1051 2696 1079 2756 2.
1104 2695 1284 2776 ξυνῴκιααν
1308 2694 1343 2759 δὲ
1358 2695 1412 2758 καὶ
1427 2694 1543 2775 Κοριν-

316 2782 400 2844 θίων
422 2781 500 2851 τινὲς
523 2782 576 2844 καὶ
599 2788 654 2845 τοῦ
679 2782 776 2863 (ἄλλοι
800 2783 835 2845 ἔκ
858 2789 914 2846 ταῦ
938 2788 1023 2847 recte
1048 2783 1095 2862 G.)
1123 2784 1219 2847 άλλαυ
1248 2785 1397 2868 Δωρικοῦ
1425 2785 1542 2866 γένους.

316 2870 466 2934 Errorem
482 2872 605 2954 peperit
621 2872 706 2934 oculi
722 2872 877 2936 aberratio
894 2871 934 2934 ab
950 2872 1037 2935 ἄλλοι
1053 2872 1092 2935 ad
1109 2892 1247 2954 sequens
1262 2874 1368 2938 ἄλλον.
1420 2876 1447 2936 3.
1463 2872 1542 2935 κατά

316 2983 348 3022 τε
381 2966 440 3042 γῆν
471 2959 525 3023 καί
556 2959 636 3024 κατὰ
670 2960 754 3042 (fort.
779 2961 855 3040 del.)
887 2960 1061 3025 θάλασσαν.
1151 2965 1181 3025 4.
1214 2963 1426 3046 καθεζόμενοι
1455 2962 1487 3031 ἒς
1508 2961 1543 3024 τὸ

313 3047 458 3132 Ἡραῖον]
482 3048 594 3113 Malim
616 3049 830 3132 καθεζόμενοι
854 3087 909 3113 -.

407 3155 431 3218 Ι.
456 3157 507 3217 25.
534 3158 560 3219 l.
584 3156 702 3221 θέσθαι
725 3157 760 3220 τὸ
776 3156 891 3243 παρὸν]
917 3156 975 3232 Qu.
993 3156 1027 3221 εὖ
1043 3159 1160 3222 θέσθαι
1177 3196 1231 3222 -.
1271 3158 1315 3222 Of.
1332 3160 1371 3223 ad
1388 3159 1480 3244 Soph.
1497 3158 1544 3221 El.

321 3245 414 3306 1434.
484 3246 513 3306 3.
537 3246 608 3309 οὔτε
632 3245 692 3329 γάρ
708 3246 812 3331 (dem)
832 3248 865 3311 ἒν
880 3248 1073 3330 πανηγύρεσι
1090 3253 1146 3313 eto.
1214 3250 1244 3312 4.
1259 3248 1426 3332 Κορινθίῳ
1442 3247 1544 3332 ἀνδρὶ]

317 3332 382 3414 ‘By
409 3354 427 3397 a
452 3332 649 3416 Corinthiam,
681 3337 701 3399 i.
725 3356 751 3400 e.
784 3337 970 3421 employing
997 3338 1050 3401 the
1077 3340 1213 3402 services
1242 3339 1275 3403 of
1301 3360 1320 3403 a
1343 3337 1545 3402 Corinthian'

317 3424 413 3487 vertit
427 3423 594 3509 Linw00d‚
624 3426 768 3490 αοΙ11Π.
787 3428 837 3490 70.
860 3433 925 3497 τοῖς
939 3428 1105 3510 προξένοις
1122 3428 1347 3512 διεγγυημένοι.
1371 3427 1459 3491 VIII.
1472 3428 1544 3490 102.

362 3513 457 3596 ὁμοῖα
490 3521 554 3584 τοῖς
578 3515 636 3600 -]
670 3516 775 3599 ὁμοῖοι
807 3522 871 3587 ταῖς
899 3556 940 3565 -—
969 3517 1136 3600 Linwood,
1168 3518 1237 3581 coll.
1266 3517 1382 3581 Herod.
1411 3516 1468 3580 ΙΠ.
1493 3519 1545 3579 57.

317 3602 484 3684 θησαυρὸς
507 3605 541 3667 έν
564 3605 711 3687 Δελφοῖσι
743 3606 906 3669 ἀνακέεται
934 3607 1029 3688 ὁμοῖα
1054 3607 1177 3688 (ὅμοιος
1199 3626 1257 3670 mS.
1281 3605 1445 3685 Sancroft.)
1467 3610 1545 3668 τοῖσι

317 3691 583 3756 πλουσιωτάτοισι.
611 3694 708 3757 Thue.
733 3692 803 3756 VII.
829 3695 880 3757 29.
904 3695 1000 3777 ὁμοῖα
1023 3702 1087 3765 τοῖς
1109 3696 1240 3778 μάλιστα
1264 3703 1320 3760 τοῦ
1342 3696 1544 3780 βαρβαρικοῦ

318 3781 537 3861 φονικώτατόν
561 3783 630 3846 ε’στι.
715 3784 939 3868 δυνατώτεροι]
968 3783 1078 3848 Malim
1102 3786 1321 3850 δυνατώτατοι.
1407 3792 1546 3867 ναυτικῷ

321 3869 432 3933 δὲκαὶ
455 3870 537 3934 πολὺ
560 3873 707 3956 προέχειν
735 3874 816 3936 ἔστιν
839 3873 890 3937 ὅτε
913 3874 1132 3958 ἐπαιρόμενοι]
1163 3875 1246 3958 Lege
1272 3883 1318 3958 τῷ
1343 3874 1377 3939 δὲ
1400 3883 1446 3958 τῷ
1468 3897 1543 3938 ναυ-

316 3983 395 4042 τικῳ
419 3997 474 4022 -.

407 4066 431 4130 Ι.
448 4069 499 4132 26.
518 4069 545 4130 3.
570 4068 616 4138 ὡς
639 4070 838 4144 κατάξοντες,
862 4071 916 4134 καὶ
938 4069 1012 4141 τοὺς
1030 4070 1199 4155 Ἰλλυριοὺς
1214 4071 1461 4157 προσλαβόντες]
1486 4071 1545 4148 Qu.

318 4155 365 4226 ὡς
388 4157 575 4231 κατάξοντες
598 4158 712 4229 αὐτοὺς
731 4159 901 4243 Ἰλλυριοὺς
915 4160 1155 4244 προσλαβόντες.
1194 4164 1261 4225 Aut
1284 4162 1331 4232 ὡς
1348 4163 1544 4246 κατάξοντες,

317 4247 374 4309 καί
393 4271 560 4400 VVsl'.
584 4339 858 4422 παρεσκευάζοντο
883 4341 1025 4422 στρατίου
1049 4340 1259 4423 (στρατείονῖ).
1329 4342 1414 4405 εἶδέ
1435 4365 1479 4412 τις
1503 4378 1544 4386 --

318 4425 363 4508 μὴ
389 4426 493 4490 ἐθέλοι
516 4427 627 4509 (ἐθέλει
651 4432 735 4492 reete
752 4428 797 4508 Ο.)
821 4429 972 4510 ξυμπλεῖν
995 4434 1053 4494 etc.
1091 4430 1168 4493 Mox
1190 4431 1276 4494 enim
1299 4433 1445 4513 sequitur
1467 4430 1546 4514 βού-

317 4515 409 4578 λεται.
477 4518 670 4601 πεντήκοντα
700 4518 847 4602 δραχμὰς
873 4520 1050 4584 καταθέντα
1074 4519 1250 4602 Κορινθίας
1273 4519 1482 4605 (Κορινθίοις,
1510 4523 1547 4584 ut
