3576 5340
711 444 897 492 τασστοτοια
1380 425 1421 490 13

238 607 266 669 3.
299 605 506 688 καδαιρετέον
521 627 524 634 ·
540 605 616 689 ἡμῖν
652 604 715 670 ἔστι
750 605 879 690 μελέτῃ]
917 603 1109 689 καδαιρετδν
1139 641 1180 652 -—
1208 603 1287 672 Lud.
1324 605 1420 670 Dind.

192 696 297 761 Recto.
335 695 459 771 Redde,
491 715 559 759 can
594 694 637 760 bo
669 697 860 760 mastorcd
892 695 942 778 by
975 715 1017 759 us
1045 698 1125 775 (non
1149 701 1249 759 must
1271 695 1316 762 bc
1339 697 1419 776 otc.)

194 785 239 849 cf.
263 785 303 849 ad
326 786 423 848 Arist.
439 784 514 865 Lys.
531 786 604 848 477.
628 785 668 848 οό
692 784 752 868 γὰρ
776 785 817 849 ἔτ’
841 785 970 848 ἀνεκτέα
993 783 1062 847 τάδ’
1086 785 1116 867 (l.
1141 784 1254 849 ἀνεκτὰ
1277 785 1352 849 τάδε
1370 785 1419 868 γ’).

236 876 266 938 4.
290 877 310 957 ἢ
335 873 437 938 δεινὸν
460 876 500 937 ἀν
523 875 627 957 εἴη-
646 875 706 938 οὒκ
729 875 792 957 ἀρα
812 872 1065 957 δαπανήσομεν]
1089 873 1209 937 Eadem
1226 875 1420 939 constructio

192 969 240 1028 cst
261 964 335 1046 Lys.
359 962 411 1028 Or.
435 963 509 1027 ΧΠ.
534 965 553 1045 ξ
578 965 628 1027 36.
657 964 777 1028 οὔκουν
801 963 904 1027 δεινδν
926 964 955 1026 εἰ
978 961 1052 1075 τοι]ς
1078 962 1139 1045 μὲν
1161 963 1418 1047 στρατηγοὺς-

192 1053 323 1135 δανάτῳ
347 1054 620 1136 ε’ζημιώσατε-
644 1052 774 1124 τούτους
803 1053 837 1116 δὲ
866 1053 972 1136 δὴ-
997 1053 1057 1115 οόκ
1081 1053 1143 1134 ἀρα
1171 1052 1299 1188 χρὴ-
1258 1052 1418 1116 -κολά-

192 1143 319 1220 ζεσβαι,·
341 1142 417 1205 Eur.
441 1141 536 1206 Horo.
561 1143 672 1206 578-
682 1144 754 1207 582.

280 1248 305 1312 Ι.
318 1251 390 1313 122.
403 1251 430 1312 1.
455 1250 636 1333 ξυμμάχων
657 1273 689 1313 τε
704 1248 888 1323 ἀπόστασις,
911 1249 1043 1331 μάλιστα
1059 1247 1297 1332 παραίρεσις
1258 1272 1338 1314 ουσα
1354 1254 1420 1314 τῶν

190 1338 375 1423 προσόδων]
404 1337 574 1422 Distinguo
602 1340 648 1403 sic
674 1339 796 1422 potius,
824 1339 1003 1421 ξυμμάχων
1030 1362 1062 1401 τε
1085 1339 1254 1409 ἀπόστασις
1275 1340 1418 1421 μάλιστα,

190 1430 375 1512 παροίρεσις
391 1465 446 1490 -.
479 1427 549 1492 Nisi
566 1428 789 1512 corrigendum
805 1429 824 1511 ι)
841 1427 973 1510 μάλιστα
989 1429 1173 1511 παραίρεσις
1189 1433 1245 1492 cto.
1315 1431 1343 1490 3.
1359 1430 1418 1492 πό-

192 1517 248 1591 λιν,
270 1517 344 1588 τοὺς
368 1517 397 1581 δ’
421 1518 454 1581 έν
476 1525 535 1600 μιᾷ
557 1519 741 1601 μονάρχους
761 1517 913 1600 ἀξιοῦμεν
928 1516 1103 1601 καταλύειν]
1127 1517 1227 1591 πόλιν,
1243 1516 1317 1588 τοὺς
1333 1518 1362 1581 δ’
1386 1520 1420 1582 έν

193 1614 251 1688 μιᾷ
282 1607 394 1690 ἑκάστῃ
427 1606 581 1671 πόλει-
605 1606 812 1672 Hcrwcrdcn.
850 1605 960 1669 Malim
991 1606 1083 1670 πόλιν
1114 1607 1198 1689 μίαν,
1231 1607 1305 1678 τοὺς
1334 1608 1362 1671 δ’
1386 1609 1420 1671 ἓν

194 1696 273 1779 αὐτῇ
296 1701 352 1760 etc.

282 1803 306 1867 I.
332 1804 403 1868 123.
429 1805 456 1866 l.
484 1804 523 1868 οὗ
547 1803 608 1887 γὰρ
642 1804 764 1868 δίκαιον
786 1804 807 1866 ἃ
830 1809 868 1887 τῇ
900 1802 1018 1886 ἀπορίᾳ
1051 1801 1170 1886 έκτήάη
1194 1809 1232 1887 τῇ
1254 1805 1419 1887 περιουσίᾳ

193 1891 368 1977 ἀπολέσθαι
390 1895 464 1976 (imo
487 1893 658 1977 ἀπολέσαι).
708 1965 710 1971 .

280 1999 304 2063 Ι.
330 2002 402 2065 124.
427 2002 454 2065 1.
477 2001 513 2065 τδ
535 2006 631 2065 ταῦτα
655 1999 794 2084 (ταάτὰδ)
818 1999 1020 2084 ξυμφέροντα
1045 2037 1087 2046 —-
1111 1998 1197 2064 εἶναι.
1228 2009 1229 2014 ’

278 2088 302 2152 Ι.
328 2092 401 2155 126.
427 2092 455 2154 l.
479 2093 519 2174 ἢν
540 2092 586 2174 μή
609 2115 636 2154 τι
659 2090 857 2155 ἒσακοόωσιν
881 2089 1091 2172 (έσακοόσωσι
1115 2089 1151 2152 G.
1175 2095 1206 2154 ct
1221 2090 1253 2154 F.
1271 2109 1349 2155 corr.
1366 2112 1418 2175 qu.

190 2180 414 2262 ἐπακούσωσι).
454 2178 499 2243 Cf.
515 2179 540 2243 Ι.
557 2182 607 2244 82.
631 2180 685 2244 καὶ
708 2183 748 2263 ἢν
769 2179 830 2262 μὲν
853 2179 1055 2243 έσακοόσωσί
1075 2179 1273 2262 (ἐπακούωσί
1286 2179 1321 2242 G.
1345 2180 1417 2244 ἕσα-

190 2269 315 2333 κοόωσί
328 2269 374 2349 F.)
389 2294 430 2343 τι,
447 2274 505 2332 ctc.
574 2273 603 2333 2.
623 2268 814 2353 Θεαγένους]
831 2267 890 2344 Qu.
910 2266 1095 2350 Θεογένους.
1129 2269 1174 2332 cf.
1193 2269 1249 2333 IV.
1267 2271 1318 2331 27.
1338 2268 1417 2334 Θεο-

192 2359 303 2438 γένους
327 2357 521 2441 (Θεαγένους
544 2358 600 2440 0.).
668 2360 702 2422 ἔν
728 2365 767 2443 τῇ
795 2359 848 2442 (τῇ
871 2362 957 2422 recte
987 2377 1047 2420 om.
1072 2358 1105 2422 0.
1130 2357 1179 2440 G.)
1206 2363 1262 2421 τοῦ
1285 2358 1360 2429 Διὸς
1382 2366 1419 2443 τῇ

194 2447 321 2528 μεγίστῃ
338 2448 441 2530 ἑορτῇ.
501 2446 557 2529 τὴν
573 2449 647 2530 (τῶν
664 2447 710 2530 Β.)
729 2448 912 2530 Ἀθηναίων
928 2447 1112 2530 ἀκρόπολιν.
1148 2447 1206 2524 Qu.
1222 2447 1278 2531 τὴν
1293 2454 1357 2512 τῶν
1368 2487 1419 2512 -.

195 2530 238 2595 Of.
262 2534 286 2597 Ι.
312 2535 390 2597 971.
419 2541 474 2618 τῆς
502 2536 667 2618 ἀρχῆς-
691 2543 746 2620 τῆς
773 2542 837 2600 τῶν
855 2536 1046 2620 Ἀθηναίων.
1074 2537 1145 2600 108.
1169 2536 1204 2600 τὸ
1227 2539 1361 2620 νεώριον
1383 2538 1418 2602 τὸ

194 2623 270 2704 (τῶν
286 2622 318 2686 0.
337 2623 384 2704 0.)
407 2623 682 2707 Λακεδαιμονίων.
707 2627 779 2689 115.
802 2625 876 2697 τοὺς
893 2626 1059 2709 φροόρους
1081 2625 1155 2695 τοὺς
1170 2627 1245 2710 (τῶν
1261 2627 1309 2709 G.)
1320 2626 1417 2710 Ἄδη-

192 2713 306 2779 ναίων.Ι
358 2716 387 2776 4.
403 2712 573 2798 Distinguo
596 2715 657 2797 sic,
680 2715 714 2778 έν
736 2712 758 2797 ᾖ
780 2716 939 2799 πανδημεὶ
961 2716 1090 2789 δέουσι,
1114 2715 1225 2778 πολλοὶ
1241 2716 1300 2799 οὐχ
1323 2718 1417 2799 ἱερεῖα

191 2807 249 2866 otc.
298 2803 326 2866 5.
341 2803 463 2886 χρόνου
480 2803 515 2866 δὲ
531 2804 768 2886 ἐπιγιγνόμενον
789 2805 1024 2888 (ἐγγιγνομένου
1045 2809 1131 2869 recto
1148 2804 1181 2868 0.
1193 2803 1228 2867 0.
1252 2806 1314 2867 nisi
1330 2825 1418 2889 prae-

190 2896 252 2956 stat
275 2892 498 2976 ἐγγενομένου)
521 2899 577 2957 etc.
612 2894 724 2958 0180.
747 2894 866 2978 χρόνος
881 2897 1007 2959 ἐνέσται.
1034 2896 1105 2958 113.
1129 2895 1196 2958 init.
1223 2894 1276 2957 καὶ
1299 2895 1418 2977 χρόνου

190 2982 408 3064 ἐγγενομένου.
478 2985 506 3046 4.
531 2981 610 3065 ἆγνά
634 2983 763 3068 δόματα
792 3004 834 3049 cx
857 2983 990 3050 Polluce
1012 2985 1134 3048 Hcmst.
1163 2984 1229 3047 ἀλλ’
1253 2984 1333 3066 ἀγνὰ
1356 2985 1416 3048 δό-

189 3095 272 3153 ματα
297 3071 435 3156 Madvig.
506 3073 533 3135 7.
566 3073 616 3136 ἐπὶ
647 3078 712 3137 τῶν
744 3078 872 3156 σεμνῶν
904 3074 993 3138 δεῶν
1016 3073 1066 3157 [έν
1088 3080 1152 3144 τοῖς
1174 3073 1316 3158 βωμοῖς]
1344 3095 1418 3138 oum

190 3159 335 3225 Dobraeo
358 3159 557 3242 Donoldson,
581 3163 650 3226 coll.
675 3165 771 3227 Arist.
752 3162 853 3246 th
879 3164 974 3227 1311.
998 3165 1166 3247 καδῆσδαί
1185 3188 1241 3246 μοι
1266 3164 1356 3228 δοκεῖ
1376 3201 1417 3210 -

194 3249 243 3312 ἐπὶ
265 3256 329 3315 τῶν
353 3256 479 3333 σεμνῶν
501 3213 599 3316 δεάνν.
668 3252 818 3336 ἀλιτήριοι
841 3259 896 3336 τῆς
918 3253 1014 3364 δερῦ]
1039 3253 1085 3316 cf.
1109 3255 1221 3317 Aesoh.
1245 3274 1274 3337 p.
1300 3256 1350 3336 72,
1367 3255 1417 3318 20.

192 3335 221 3400 ὦ
243 3345 298 3422 τῆς
315 3339 467 3411 Ἑλλάδος
490 3341 632 3424 ἀλιτήριε.
656 3339 807 3405 Dinaroh.
824 3341 847 3405 I.
866 3343 916 3404 78.
939 3342 994 3406 τόν
1011 3348 1067 3425 τῆς
1085 3342 1237 3412 Ελλάδος
1253 3342 1417 3426 ἀλιτήριον.

236 3429 290 3491 και
311 3434 376 3494 τῶν
397 3430 637 3494 τεθνεώτων
603 3455 640 3493 τα
664 3431 742 3494 ὀστᾶ
764 3431 925 3501 ἀνελόντες
949 3430 1122 3515 [ἐξέβαλον]
1146 3431 1253 3496 Cobet.

280 3535 304 3599 Ι.
331 3537 403 3600 127.
428 3539 455 3600 1.
479 3538 579 3622 δῆδεν
596 3575 637 3584 -
653 3538 881 3623 τιμωροῦντες]
906 3538 951 3601 Of.
975 3538 1014 3601 ad
1039 3537 1131 3622 Soph.
1154 3538 1202 3601 Tr.
1220 3540 1292 3601 382.
1318 3539 1417 3622 δῆθεν

191 3625 285 3688 οὐδὲν
317 3627 459 3710 ίστορῶν.
491 3627 586 3692 Thuc.
614 3626 672 3690 ΙΙΙ.
703 3628 774 3691 110.
806 3629 874 3710 ἅμα
907 3628 1104 3710 ξυλλέγοντες
1136 3628 1187 3710 ἀφ’
1223 3629 1243 3690 ἃ
1281 3628 1417 3711 ε’ξῆλάον
1451 3629 1453 3633 ’

192 3714 299 3798 δῆθεν.
339 3714 397 3791 Qu,
421 3717 468 3787 ὡς
492 3716 601 3800 δῆθεν,
626 3716 677 3780 vel
699 3723 763 3788 τοῖς
785 3719 874 3788 δεοῖς
898 3718 998 3801 δῆδεν
1022 3755 1077 3780 -.
1147 3720 1176 3780 2.
1200 3718 1247 3788 ὡς
1278 3718 1333 3781 καὶ
1365 3717 1416 3781 διὰ

189 3803 245 3887 τὴν
268 3806 390 3869 ἐκείνου
413 3805 585 3889 ξυμφορὰν
602 3831 638 3870 το
661 3807 730 3890 (τιΡ)
752 3807 851 3891 μέρος
874 3809 958 3871 ἔσται
982 3808 1000 3871 ό
1023 3808 1170 3891 πόλεμος.
1238 3809 1417 3890 νομίζοντες

189 3894 377 3965 ἐκπεσόντος
399 3896 497 3959 αὐτοῦ
521 3897 602 3978 ῥᾷον
625 3896 701 3979 (imo
725 3897 805 3979 ῥᾷον
828 3897 878 3978 ἀν)
901 3904 1083 3980 προχωρεῖν
1105 3897 1142 3960 τὰ
1159 3896 1223 3961 ἀπὸ
1239 3903 1303 3961 τῶν
1318 3897 1415 3980 Ἀθη-

189 3984 296 4047 ναίων.
327 3985 501 4049 Exciderat
523 3987 562 4048 ἀν
585 3991 656 4069 post
677 3986 782 4049 similo
805 4010 851 4050 ον.

277 4092 302 4155 Ι.
328 4093 400 4156 128.
425 4094 453 4155 2.
486 4091 540 4155 τδν
567 4091 751 4176 Ἑλληνικὸν
788 4092 940 4177 πόλεμον]
978 4093 1032 4158 τόν
1064 4093 1216 4177 Μηδικόν
1240 4131 1281 4140 -—
1310 4093 1415 4157 Hcrw.

235 4183 263 4244 2.
286 4188 333 4264 τῷ
357 4181 392 4246 δέ
415 4183 501 4265 ἔργῳ
523 4181 558 4246 τὸ
583 4182 793 4265 (βουλόμενος
815 4185 852 4245 τὰ
869 4183 902 4246 0.
920 4184 967 4265 0.)
991 4183 1073 4266 πρὸς
1094 4183 1225 4267 βασιλέα
1245 4183 1415 4265 πράγματα

189 4270 479 4354 (σι1.Ρ)ιιράσσειι.
518 4273 586 4335 Aut
616 4272 814 4355 βουλόμενος
845 4271 882 4335 τά
916 4273 1138 4357 corrigendum
1171 4277 1227 4336 aut
1252 4273 1416 4355 πράσσων.

235 4361 263 4422 3.
287 4361 466 4444 εὐεργεσίαν
483 4399 524 4408 -
541 4361 708 4445 κατέθετο]
733 4361 777 4426 cf.
801 4362 919 4426 Herod.
944 4362 1016 4425 VII.
1043 4363 1114 4425 178.
1138 4362 1230 4444 χάριν
1254 4361 1416 4425 ἀδάνατον

188 4451 366 4514 κατέθεντο.
384 4452 438 4515 VI.
455 4452 506 4514 41.
524 4452 687 4522 δοκέοντες
702 4453 812 4534 χάριτα
828 4453 969 4535 μεγάλην
984 4453 1231 4534 καταβήσεσθαι.
1289 4452 1316 4513 5.
1334 4452 1414 4514 ἀπο-

188 4539 321 4625 πέμπει]
344 4541 530 4624 ἀποπέμπω
553 4541 661 4607 Cobet.
