3576 5340
698 391 885 438 reuovmnus
1361 375 1402 436 25

177 553 268 616 Idem
291 570 409 616 nomen
431 551 555 617 Latinis
578 557 626 617 est
649 553 825 636 Spartacus.
865 551 910 617 of.
927 553 1023 616 Arist.
1039 551 1117 616 Rau.
1135 553 1207 616 608.
1231 553 1250 616 ὁ
1274 551 1405 624 Διτύλας
1460 613 1461 616 ,

177 643 228 725 χώ
251 642 417 725 Σκεβλύας
440 641 639 725 (Σκελλίαςλ)
662 643 712 725 χώ
735 639 913 725 Παρδόκας
936 642 1145 726 (Σπαρδόκσς
1167 646 1251 707 recte
1275 642 1332 724 V.).

267 729 307 794 II.
327 731 398 795 102.
416 733 444 795 3.
467 739 514 814 τῷ
535 731 580 814 μή
598 730 848 815 σκεδάννυσθαι]
872 730 908 795 τδ
922 731 968 816 μή
985 731 1218 796 σκεδάννυσθαι
1234 736 1298 797 tres
1314 731 1404 796 codd.

177 819 264 905 prob.
289 818 387 884 Linvv.
427 820 473 885 of.
497 821 537 886 ad
559 819 600 884 II.
624 822 653 883 4.

694 1014 806 1081 Liber
835 1015 893 1082 HI.

266 1178 324 1243 ΙΠ.
349 1181 377 1242 2.
403 1179 430 1241 1.
454 1177 508 1242 καλ
535 1180 555 1242 ἃ
582 1178 860 1262 μεταπεμπόμενοι
887 1177 979 1263 ήσαν]
1012 1178 1108 1243 καὶᾶ
1131 1179 1406 1262 μεταπεπεμμένοι

177 1268 259 1353 ἦσαν
282 1268 449 1332 verissime
472 1268 580 1333 Cobet.
619 1267 665 1332 of.
689 1269 729 1333 ad
752 1267 841 1332 Dem.
865 1289 893 1352 p.
918 1270 992 1352 271,
1019 1269 1068 1333 14.

266 1357 324 1422 ΠΙ.
342 1360 370 1421 3.
387 1359 416 1420 4.
440 1357 579 1428 ὁλκάδος
595 1395 637 1404 ·-
653 1357 820 1442 ἐπιτυχών]
846 1355 889 1421 of.
908 1357 978 1422 VII.
995 1359 1046 1422 25.
1069 1363 1134 1423 τῶν
1156 1359 1277 1423 πλοίων
1301 1359 1403 1423 ἐπιτυ-

177 1453 298 1532 χοῦσαι.
324 1452 355 1512 et
378 1447 418 1510 ad
441 1448 536 1511 Arist.
560 1447 644 1512 Plut.
669 1448 742 1510 245.
819 1447 856 1511 τά
888 1471 920 1512 τε
951 1447 1045 1534 ἄλλα]
1079 1448 1228 1531 Anglice,
1262 1448 1339 1512 ‘and
1371 1469 1405 1513 es

177 1539 227 1602 for
250 1538 301 1601 the
326 1535 409 1602 rest'
449 1536 493 1601 of.
516 1536 572 1600 Iv.
598 1537 647 1599 55.
676 1535 713 1600 τὰ
737 1536 814 1600 ἀλλα
843 1537 876 1600 ἐν
899 1538 1029 1621 φυλακῇ
1051 1537 1153 1621 πολλή
1176 1536 1266 1621 ἦσαν.
1334 1537 1406 1621 περὶ

177 1625 214 1690 τὰ
238 1627 417 1709 ήμιτέλεστα
443 1663 483 1671 -
508 1625 699 1709 ἐφύλασσον]
734 1624 778 1689 of.
802 1625 858 1689 IV.
883 1627 934 1688 26.
966 1626 1038 1709 περλ
1069 1625 1124 1697 τὰς
1155 1626 1320 1709 κατάρσεις
1351 1633 1406 1710 τῆς

179 1716 277 1799 νήσου
302 1715 489 1799 ἐφύλασσον.
557 1713 644 1798 περὶ]
669 1715 760 1797 πέριξ
782 1714 920 1798 Madvig.

268 1804 366 1868 ΙΠ.6.
379 1806 406 1868 1.
422 1804 457 1868 τὸ
472 1804 555 1888 πρὸς
569 1804 662 1869 νότον
676 1811 731 1888 τῆς
740 1804 875 1888 πόλεως]
886 1803 1067 1869 Delendum
1082 1805 1186 1870 forsan
1202 1811 1257 1889 τῆς
1272 1806 1405 1877 πόλεως.

224 1897 252 1957 2.
275 1893 330 1958 καλ
352 1901 407 1977 τῆς
428 1894 488 1976 μὲν
510 1893 675 1977 θαλάσσης
698 1893 803 1977 εἶργον
825 1893 870 1977 μὴ
894 1894 1035 1978 χρῆσθαι
1062 1893 1136 1966 τοὺς
1158 1893 1404 1980 Μυτιληναίους]

180 1982 239 2060 Qu.
262 1983 317 2048 καλ
338 1990 376 2067 τῇ
398 1983 458 2066 μὲν
481 1983 626 2066 θαλάσση
651 2021 707 2058 -,
732 1987 787 2046 aut
810 2020 852 2029 -
875 1984 920 2067 μὴ
945 1985 1086 2067 χρῆσθαι
1108 1985 1210 2068 (αὐτῇ)
1233 1984 1307 2055 τοὺς
1321 1982 1405 2048 Μυτ.

267 2071 324 2136 ΙΙΙ.
350 2074 400 2136 10.
426 2074 452 2135 l.
481 2073 510 2136 ελ
529 2073 574 2156 μὴ
603 2073 670 2156 μετ’
698 2074 811 2156 ἀρετῆς
838 2072 998 2157 δοκούσης
1026 2073 1204 2157 (ἀσκήσεως
1226 2072 1345 2156 Herw.)
1373 2077 1406 2145 ἐς

177 2162 331 2246 ἀλλήλους
359 2163 524 2245 γίγνοιντο,
553 2182 594 2226 so.
623 2163 708 2245 φιλία
737 2163 792 2226 καλ
813 2163 972 2227 κοινωνία.
1012 2161 1059 2227 61.
1081 2162 1137 2226 IV.
1163 2165 1213 2227 18.
1247 2163 1266 2245 ᾗ
1291 2165 1319 2226 3.
1353 2165 1404 2227 87.

178 2253 250 2333 §L
276 2253 348 2315 126.
377 2259 393 2329 ξ
419 2253 448 2315 4.
481 2250 552 2316 VII.
578 2253 628 2316 67.
662 2253 733 2335 §L
824 2252 1047 2317 ἀπολιπόντων
1075 2290 1117 2300 -
1145 2253 1239 2335 ὑμῶν
1276 2253 1312 2316 ἐκ
1349 2259 1405 2317 τοῦ

177 2340 330 2424 Μηδικοῦ
363 2340 522 2425 πολέμου]
556 2340 600 2405 of.
624 2343 662 2405 V.
687 2344 715 2404 4.
750 2341 955 2412 ἀπολιπόντες
987 2343 1022 2407 ἒκ
1054 2347 1119 2406 τῶν
1150 2341 1382 2425 Συρακοῦσων.

222 2427 436 2516 ἐδυνήθησαν]
473 2431 544 2494 Imo
581 2430 803 2515 δυνηθείησαν.
850 2429 893 2494 Et
929 2431 976 2496 sio
1007 2431 1104 2496 Dobr.
1136 2430 1272 2516 Kriiger.
1305 2431 1405 2497 Linw.

224 2519 340 2602 δρᾶσαι
361 2519 469 2603 τοῦτο]
493 2520 517 2583 Ι.
542 2539 567 2584 e.
591 2520 878 2602 καταστρέψασθαι.
919 2519 964 2584 of.
986 2520 1028 2584 II.
1052 2521 1104 2584 49.

268 2608 326 2673 ΙΠ.
353 2609 401 2671 11.
429 2609 455 2670 1.
478 2607 513 2672 τδ
536 2609 655 2689 πλεῖον]
679 2608 788 2673 Scribe
811 2608 846 2672 τὸ
869 2608 974 2673 πλέον.

268 2698 325 2761 ΙΠ.
351 2699 400 2761 12.
428 2697 454 2760 l.
478 2698 556 2782 αὕτη
580 2699 600 2781 ή
624 2698 710 2781 φιλία
734 2697 824 2775 codd.
848 2699 926 2781 αὕτη
951 2700 971 2781 ἢ
995 2699 1081 2781 φιλία
1100 2698 1179 2762 Lud.
1195 2697 1289 2762 Dind.
1307 2699 1405 2763 Bake.

178 2787 277 2851 Linw.
303 2791 361 2852 etc.
428 2786 516 2870 παρὰ
544 2787 677 2871 γνώμην
705 2787 860 2871 ἀλλήλους
886 2787 1127 2872 ὗπεδεχόμεθα]
1156 2788 1231 2852 ‘We
1259 2790 1405 2852 entertai-

177 2877 240 2942 ned
265 2878 341 2941 each
366 2878 455 2942 other
478 2877 554 2940 with
581 2879 740 2942 insincere
769 2879 970 2961 expressions
993 2878 1027 2942 oi
1049 2878 1260 2942 attachment’
1283 2877 1406 2960 (Linw.)

222 2963 463 3052 ὗπεδεχόμεθα]
487 2967 600 3031 Haesii
623 2968 837 3049 conjecturem
861 2966 1077 3050 ὕπηρχόμεθα
1100 2967 1301 3051 amplectitur
1324 2967 1406 3031 Her·

177 3056 314 3120 werden.
383 3057 433 3120 ἀπ’
457 3057 586 3128 ἒκεῖνοις
609 3055 701 3140 εἶναι]
730 3056 780 3121 ἐπ’
804 3056 933 3127 ἐκείνοις
959 3063 1063 3138 μεῖναι
1086 3055 1224 3140 Madvig.
1248 3056 1303 3120 ὑπ’
1327 3057 1404 3121 ἑκεί-

178 3168 243 3216 νοις
266 3144 343 3209 εἶναι
366 3143 472 3210 Cobet.
497 3146 648 3210 Badhanr.
676 3143 845 3227 Linwood‚
877 3145 948 3210 coll.
972 3146 1069 3210 schol.
1093 3145 1148 3210 ἀπ’
1172 3147 1301 3217 ἐκείνοις
1329 3145 1406 3211 εἶναι

178 3235 396 3317 ήῦπακούειν.
421 3234 559 3299 Cobetus
582 3236 617 3299 ἐκ
640 3241 696 3299 τοῦ
720 3236 835 3318 ὁμοίου
859 3254 901 3298 ex
925 3236 1040 3299 vicinis
1063 3236 1099 3300 ἐκ
1122 3242 1178 3300 τοῦ
1202 3238 1271 3300 ἴσου
1294 3240 1405 3300 natum

179 3322 355 3386 arbitratur.
395 3322 439 3387 of.
462 3324 519 3387 III.
545 3325 595 3386 59.
618 3324 663 3407 μὴ
689 3324 834 3406 γενέσθαι
856 3323 920 3388 ίιπδ
948 3323 1108 3408 Θηβαίοις.
1149 3324 1212 3389 Ηίο
1236 3325 1275 3388 de
1299 3325 1406 3409 expel-

178 3411 281 3476 lendis
305 3413 411 3477 verbis
434 3413 470 3476 ἐκ
493 3418 548 3476 τοῦ
572 3413 687 3496 ὁμοίου
711 3413 848 3496 dubitat,
871 3414 1084 3497 ὁρμωμένους
1101 3415 1206 3498 potius
1222 3419 1278 3477 aut
1301 3415 1405 3478 simile

179 3501 256 3583 quid
281 3502 436 3566 excidisse
460 3507 554 3566 ratus
624 3506 651 3567 2.
676 3503 895 3587 ἀντιμελλῆσαί
914 3503 956 3587 τι]
982 3503 1215 3586 ἀντιμελετήσαί
1226 3527 1253 3566 τι
1269 3501 1404 3587 Madvig.

176 3591 279 3655 Recte.
347 3592 447 3656 πίστιν
468 3591 606 3676 βεβαιοῖ]
630 3591 739 3657 πιστὸν
761 3594 887 3677 βεβαιοῖ
899 3593 1051 3657 Badhanr.
1090 3591 1169 3656 Mox
1183 3598 1275 3657 τοῦτο
1298 3594 1405 3657 forsan

176 3681 377 3760 ejiciendum.

96 3769 98 3773 ’
264 3770 304 3834 Π.
331 3771 380 3834 13.
405 3774 433 3834 2.
463 3771 520 3847 ξὺν
546 3777 659 3843 κακῶς
683 3770 795 3855 ποιεῖν]
829 3775 1035 3854 ξυγκακῶσαι
1066 3773 1256 3856 nescioquis.
1286 3777 1403 3857 ξυγκα-

176 3866 316 3924 κοποιεῖν
339 3861 430 3924 malit
452 3861 657 3926 Hervverden.

264 3949 321 4012 III.
348 3949 397 4012 16.
422 3952 450 4012 3.
474 3950 731 4034 ε’πιπλεύσεσθαι]
756 3952 877 4015 Annon
900 3951 1175 4016 ἕπιπλευσεῖσθαιλ

264 4036 321 4101 III.
347 4039 396 4101 17.
423 4039 449 4102 l.
473 4039 553 4102 κατὰ
576 4039 631 4103 τὸν
654 4040 772 4122 χρόνον
794 4046 905 4105 τοῦτον
928 4042 965 4104 ὃν
993 4042 1026 4104 αλ
1048 4048 1121 4125 νῆες
1149 4042 1260 4106 ἔπλεον
1284 4042 1318 4105 ἐν
1340 4048 1405 4112 τοῖς

175 4128 257 4210 (post
279 4133 343 4198 τοῖς
367 4132 517 4209 quattuor
538 4129 703 4193 literarum
727 4128 840 4192 lacuna
863 4134 911 4194 est
932 4132 968 4193 in
989 4129 1025 4194 Ε.
1050 4150 1102 4212 qu.
1126 4131 1244 4211 αὐτοῖς)
1266 4131 1404 4194 πλεῖσται

175 4215 214 4300 δή
239 4222 311 4300 νῆες
334 4216 391 4299 ἀμ’
415 4217 518 4300 (deli)
541 4218 646 4288 αὐτοῖς
669 4218 790 4300 ἐνεργοὶ
821 4218 927 4283 κάλλει
959 4220 1059 4302 (ἄλλοι
1091 4219 1168 4303 ἄλλη
1193 4221 1272 4303 conj.
1297 4220 1403 4284 Herw.

175 4325 225 4388 qu.
259 4305 312 4370 καλ
334 4305 441 4380 καλαί,
474 4311 528 4370 aut
559 4307 657 4390 τάχει,
690 4313 745 4372 aut
767 4308 820 4372 καλ
847 4315 977 4391 ταχεῖαι,
1008 4315 1063 4373 aut
1089 4310 1194 4380 εἴτινες
1221 4309 1275 4372 καὶ
1302 4309 1403 4390 ἀλλαι]

174 4395 324 4478 ἐγένοντο.
363 4396 479 4461 Nullus
507 4397 560 4461 hic
592 4396 681 4460 locus
704 4397 832 4462 videtur
863 4417 932 4464 essa
964 4398 1119 4463 locutioni
1147 4399 1180 4462 ἐν
1207 4403 1271 4469 τοῖς
1294 4399 1404 4482 (autri)

173 4485 321 4560 πλεῖσται,
345 4491 381 4550 ut
397 4487 534 4552 ostendit
548 4486 705 4570 particula
727 4487 848 4571 adjecta
872 4487 920 4572 δή.
959 4487 1150 4553 Maudosum
1169 4489 1269 4574 igitur
1284 4489 1402 4554 haben-
