3510 5338
717 374 904 429 rnnornrors
1303 379 1307 386 “
1383 359 1424 428 63

195 541 251 608 τὸν
273 543 333 627 μὲν
356 546 459 607 ἔπειτα
482 544 631 607 καθεῖσεν
655 582 709 606 -.
737 543 791 622 14,
816 545 889 607 204.
912 543 1030 608 Herod.
1050 542 1074 607 I.
1091 545 1142 608 88.
1166 550 1287 607 κατεῖσε
1311 545 1425 623 (κάτιοε

196 635 247 715 al.)
271 633 367 696 αὐτὸν
390 633 482 716 ἐγγὺς
505 635 626 696 ἑαυτοῦ.
651 633 708 698 ΠΙ.
726 634 782 696 61.Ι
800 633 861 696 ελσε
884 634 973 715 ἄγων
997 634 1029 703 ἒς
1047 632 1101 697 τὸν
1115 634 1279 717 βασιλήϊον
1294 633 1424 717 θρόνον.

196 729 229 787 et
252 723 291 785 ad
317 723 411 787 Arist.
435 723 513 787 Ran.
539 724 611 785 911.
679 723 799 806 χωρίον
816 760 857 768 -
874 722 908 785 ἐν
930 720 960 804 ᾦ
982 723 1089 805 μάχης
1111 747 1144 786 τε
1166 724 1271 805 ἄρξειν
1294 723 1425 803 ἔμελλον

195 813 292 875 ὁπότε
314 813 479 895 βούλοιντο
502 811 556 874 καί
579 813 610 875 οἱ
632 813 730 895 ἱππῆς
751 817 815 874 τῶν
838 811 1051 894 Συρακοσίων
1073 811 1174 894 ἥκιστ’
1198 812 1425 895 ἂν(1.ἥκιοτα]

195 901 312 971 αὐτοὺς
340 939 382 948 -
410 901 567 984 λυπήσειν.
610 902 680 966 Nisi
713 901 884 984 legendum
916 902 1021 984 potins
1053 901 1152 985 ἥκιστ’
1184 903 1224 964 ἂν
1247 901 1362 971 αὐτοὺς
1382 939 1424 946 -

194 991 377 1073 λυπήσειαν.
444 999 483 1073 τῇ
509 990 569 1072 μὲν
597 990 657 1075 γὰρ
684 991 779 1073 τειχία
806 1014 838 1052 τε
865 990 919 1053 καὶ
942 990 1036 1053 οἰκίαι
1059 989 1164 1073 είργον
1188 1027 1244 1062 -,
1277 991 1366 1073 παρὰ
1390 992 1425 1055 δὲ

193 1079 231 1143 τὸ
265 1078 315 1161 (τὸ
349 1079 420 1159 oti)
456 1080 601 1162 κρημνοί.
693 1082 722 1142 2.
754 1076 777 1162 ᾗ
804 1078 1008 1162 ἒφοὸώτατον
1035 1078 1075 1163 ἦν
1102 1086 1166 1150 τοῖς
1193 1080 1370 1164 πολεμίοις]
1402 1078 1424 1163 ᾗ

194 1169 395 1232 εὗοὸώτατον
419 1207 460 1214 -
485 1170 565 1251 conj.
589 1168 687 1232 Bell.
718 1166 740 1251 ᾖ
768 1169 1010 1250 εὐεφοδώτοτον
1033 1205 1075 1214 -
1100 1168 1221 1251 Cobet,
1246 1169 1316 1232 ooll.
1340 1169 1423 1233 Xen.

196 1258 270 1340 Cyr.
294 1257 335 1322 II.
359 1259 388 1320 4.
415 1260 463 1321 13.
487 1264 545 1322 etc.

287 1347 342 1411 VI.
367 1347 416 1410 68.
443 1349 470 1410 1.
495 1349 529 1410 οἳ
551 1346 712 1429 πάρεσμεν
740 1347 791 1410 ε’πλ
812 1346 867 1411 τὸν
890 1346 986 1411 αὐτὸν
1014 1347 1080 1429 (ἐπί
1102 1349 1282 1427 τοιοῦτονῗ)
1305 1348 1423 1430 ἀγῶνα.

196 1436 239 1500 Et
262 1438 308 1500 sio
331 1435 538 1500 Herwerden.
607 1437 717 1520 ὥσπερ
741 1438 827 1519 ἡμᾶς
849 1436 920 1514 (del.
943 1436 1008 1516 καὶ)
1032 1436 1138 1500 Herw.

286 1524 342 1588 Vl.
367 1527 417 1588 69.
441 1527 471 1587 4.
502 1525 559 1609 τὴν
591 1526 708 1589 οἰκείαν
739 1525 785 1608 μὴ
822 1526 944 1608 βλάψαι
981 1527 1161 1609 ἡσσώμενοι
1190 1527 1423 1610 (ἡσσημένοιῗ).

244 1616 272 1677 5.
296 1617 371 1678 εἴτι
394 1615 469 1678 ἄλλο
493 1651 536 1660 -—
558 1615 788 1700 ὑπακούσεται]
814 1617 888 1678 εἴτι
911 1615 1026 1686 ἄλλους
1042 1652 1084 1660 -
1100 1615 1318 1679 ὑπακούουσιν
1341 1617 1425 1679 ἔσται
1537 1643 1541 1650 ’

196 1704 351 1768 Badham.
375 1703 515 1787 Madvig.
547 1705 630 1768 ἔσται
661 1706 725 1787 jan]
750 1704 879 1768 Boehm.
919 1702 976 1780 Qu.
1001 1705 1032 1767 εἴ
1053 1729 1080 1766 τι
1103 1705 1218 1775 ἄλλους
1242 1742 1297 1776 -,
1331 1705 1369 1769 ‘if
1391 1707 1424 1767 in

195 1814 262 1877 any
283 1814 355 1876 way
378 1794 498 1877 having
530 1793 663 1857 assisted
694 1795 780 1856 them
812 1795 846 1856 in
874 1793 1036 1875 subduing
1059 1794 1183 1858 others’
1223 1792 1426 1858 “Credebant

195 1901 325 1966 nempe,
358 1883 385 1946 si
417 1883 453 1945 in
485 1883 557 1946 aliis
589 1882 775 1965 subigendis
808 1901 935 1967 operam
967 1884 1195 1966 praestitissent
1226 1902 1330 1965 suam,
1362 1883 1425 1946 sibi

194 1974 382 2036 servitutem
409 1973 566 2040 mitiorem
597 1972 695 2036 iore.”
734 1972 882 2036 Ceterum
914 1973 1043 2055 passivo
1076 1991 1170 2036 sensu
1205 1972 1424 2056 accipiendum

194 2062 424 2134 ὑπακούσεται,
457 2080 513 2144 pro
542 2081 605 2143 quo
633 2062 911 2144 ὑποκουσιλήσεται
939 2064 1008 2126 sine
1036 2081 1132 2126 causa
1155 2063 1284 2144 conjicit
1306 2061 1423 2146 Poppo.

194 2152 378 2214 ὑπακοῦσαι
401 2151 467 2214 eod.
486 2149 584 2232 Mosq.
600 2150 687 2232 prob.
713 2150 845 2214 Goeller.
869 2151 909 2214 ed
933 2149 1025 2214 Dion.
1049 2150 1120 2213 Hal.
1145 2151 1184 2215 de
1207 2149 1240 2215 G.
1264 2150 1302 2214 V.

291 2239 342 2303 VI.
368 2241 418 2303 70.
444 2241 471 2303 3.
496 2240 812 2322 ἐπακολουθήσαντες
836 2239 871 2304 δὲ
890 2240 1006 2323 ἀθρόοι
1022 2240 1099 2303 ὅσον
1122 2241 1171 2320 (ἐς
1186 2240 1296 2321 ὅσονῗ)
1320 2241 1423 2324 ἀσφα-

194 2330 263 2399 λῶς
286 2328 355 2411 εἶχε.

287 2419 342 2483 VI.
368 2421 418 2481 72.
444 2420 470 2480 l.
504 2419 536 2488 ἐς
568 2417 681 2492 Νάξον
712 2418 766 2481 καί
798 2418 958 2503 Κατάνην]
987 2420 1020 2489 ἒς
1051 2418 1200 2503 Κατάνην
1232 2418 1286 2482 καί
1312 2419 1424 2493 Νάξον

195 2509 290 2571 malit
311 2507 416 2572 Herw.
486 2509 514 2569 2.
538 2508 643 2578 ἄλλοις
673 2531 705 2570 τε
737 2514 801 2578 τοῖς
828 2508 983 2592 πρώτοις]
1017 2509 1121 2578 ἄλλως
1143 2532 1175 2571 τε
1197 2510 1251 2572 καί
1275 2546 1315 2554 -
1340 2529 1424 2572 unus

195 2598 300 2660 codex
333 2597 420 2681 prob.
442 2596 542 2660 Linw.
612 2596 665 2660 καὶ
700 2595 736 2660 τὸ
772 2598 897 2679 πλῆθος
929 2603 993 2660 τῶν
1026 2597 1220 2682 στρατηγῶν]
1249 2597 1338 2661 Haeo
1366 2617 1423 2681 pro

194 2689 479 2770 interpretamento
503 2687 542 2749 ad
566 2707 595 2748 v.
618 2686 815 2769 πολυαρχίαν
842 2686 937 2750 habet
959 2686 1164 2770 Herwerden,
1193 2688 1249 2768 qui
1275 2687 1424 2752 natante

195 2778 268 2839 πολ.
292 2778 403 2839 etiam
426 2777 529 2839 vertit

287 2865 341 2929 VI.
367 2867 418 2929 73.
437 2863 659 2949 Ἡρακλείδην]
685 2863 743 2940 Qu.
762 2864 982 2949 Ἡρακλείόαν,
1005 2869 1042 2930 ut
1067 2863 1280 2948 Περικλείδας.

289 2954 342 3018 VI.
368 2956 418 3017 74.
443 2957 471 3017 2.
496 2955 528 3024 ἐς
547 2952 660 3028 Νάξον
682 2955 737 3019 καί
757 2954 904 3039 Θρᾷκας]
929 2956 963 3028 ἐξ
985 2953 1098 3028 Νάξον
1120 2955 1200 3019 κατὰ
1223 2956 1319 3038 τάχος
1343 2959 1423 3039 conj.

197 3043 361 3107 Linwood.
430 3043 521 3114 ὅπως
544 3044 610 3126 ἅμα
634 3051 681 3126 τῴ
699 3043 752 3128 ἦρι
767 3044 1024 3129 παραγένωνται]
1049 3042 1106 3120 Qu.
1124 3045 1215 3116 ὅπως
1230 3047 1270 3109 ἂν
1285 3046 1352 3127 ἅμα
1369 3084 1423 3119 -,.

198 3133 371 3198 Exciderat
397 3135 437 3196 ἃν
464 3138 538 3197 ante
561 3134 665 3197 simile
688 3135 742 3216 ἅμ.
782 3133 843 3198 Sed
868 3136 906 3198 cl.
931 3133 1002 3198 VII.
1029 3135 1077 3197 17.
1102 3134 1192 3205 ὅπως
1215 3136 1244 3217 (f.
1261 3135 1352 3206 ὅπως
1375 3138 1424 3214 ἂν)

196 3224 376 3305 ναυμαχίας
398 3247 430 3285 τε
452 3223 692 3305 άποπειράσωσι
716 3230 773 3287 eto.

288 3312 343 3376 VI.
368 3314 418 3375 75.
445 3313 472 3373 1.
495 3312 549 3375 καί
571 3311 608 3374 τά
633 3311 892 3394 (maledicendi)
915 3311 1053 3394 Μέγαρα
1070 3313 1227 3395 φρούριον
1246 3313 1299 3376 καὶ
1323 3315 1356 3376 ἓν
1379 3323 1425 3396 τῷ

192 3400 388 3484 Ὀλυμπιείῳ
411 3402 495 3465 ἄλλο.

291 3490 342 3554 VI.
369 3491 418 3552 76.
444 3493 471 3555 3.
495 3490 560 3554 ἀπὸ
584 3495 677 3574 σφῶν
700 3491 817 3573 (αὐτῶν
840 3490 928 3553 addit
950 3489 1070 3572 ΗΘΜ,
1093 3490 1112 3552 i.
1136 3509 1161 3554 θ.
1186 3495 1320 3574 sponte
1344 3512 1424 3573 sua,

199 3580 270 3644 coll.
293 3580 332 3643 V.
358 3580 407 3643 60.
441 3579 528 3643 VIII.
553 3581 625 3660 47).
702 3579 776 3650 τοὺς
797 3580 857 3662 μὲν
880 3580 1121 3661 λειποστρατίον,
1146 3616 1188 3626 -
1211 3586 1275 3650 τοῖς
1298 3580 1423 3663 (rodel)

200 3669 228 3732 δ’
257 3670 303 3740 ὡς
335 3671 477 3740 ἑκάστοις
503 3668 569 3732 τινὰ
598 3668 682 3752 εἶχον
710 3671 808 3733 αἰτίαν
836 3671 979 3753 εὐπρεπῆ
1012 3669 1230 3752 ἐπενεγκόντες
1261 3671 1424 3752 κατεστρέ-

199 3782 311 3840 ψαντο.
379 3760 623 3842 λειποστρατίαν]
660 3760 877 3842 λιποστράτιον
910 3758 1015 3822 Cobet.
1040 3779 1081 3822 ex
1104 3779 1167 3822 usu
1189 3760 1332 3843 linguae,
1355 3760 1424 3824 coll.

199 3848 223 3910 I.
249 3850 298 3912 99.
330 3855 393 3919 τοῖς
424 3849 484 3932 μὲν
515 3848 741 3930 λιποστράτιον,
773 3856 837 3919 τοῖς
871 3849 905 3912 δὲ
938 3854 995 3912 elo.
1039 3847 1084 3912 Cf.
1117 3848 1207 3913 Dem.
1235 3870 1264 3933 p.
1294 3852 1370 3933 568,
1395 3851 1424 3912 8.

199 3938 378 4012 λιποταξίαν
410 3939 601 4020 (λιποτάξιον
624 3937 751 4019 Cobet).
783 3938 901 4003 Herod.
925 3938 963 4002 V.
988 3939 1038 4000 27.
1071 3939 1287 4023 λιποστρατίης
1320 3939 1423 4020 (λιπο-

199 4028 342 4110 στρατίου
367 4026 496 4108 Cobet).

288 4116 344 4180 VI.
369 4118 419 4179 77.
446 4119 472 4180 1.
497 4117 557 4181 οὐκ
578 4116 688 4187 Ἴωνες
714 4116 788 4180 τάδε
815 4116 890 4181 είσίν
913 4116 1101 4195 (delendum
1124 4116 1252 4180 videtur
1275 4117 1362 4190 εἰσίν,
1386 4118 1424 4180 of.

200 4204 306 4270 Cobet.
331 4206 369 4269 N.
392 4206 426 4269 L.
449 4227 478 4290 p.
503 4207 566 4269 236
583 4207 640 4287 sq.)
664 4207 741 4269 οὐδὲ
759 4206 993 4290 Ἑλλησπόντιοι
1017 4212 1074 4270 eto.
1158 4208 1187 4267 2.
1218 4205 1340 4288 μᾶλλον
1370 4206 1424 4269 τὸν

199 4296 359 4378 πάσχοντα
383 4296 434 4379 (ἢ)
461 4295 539 4359 καθ’
562 4295 657 4358 αὑτὸν
681 4296 843 4378 δυστυχεῖν
863 4296 1002 4378 Madvig.

289 4385 343 4449 VI.
369 4387 419 4448 78.
444 4388 472 4448 2.
495 4391 533 4468 τῇ
562 4384 591 4448 d’
615 4385 677 4468 ἐμῇ
704 4384 879 4469 προφάσει]
912 4385 935 4447 Ι.
960 4403 986 4447 e.
1013 4383 1069 4467 τὴν
1097 4383 1132 4446 δὲ
1160 4383 1240 4467 ε’μὴν
1262 4384 1425 4467 πρόφασιν

200 4475 325 4558 ἔχοντα,
350 4474 489 4558 explicat
511 4474 671 4538 Linwood.
739 4475 771 4537 εἴ
788 4476 820 4537 τέ
842 4498 886 4544 τις
908 4472 1039 4559 φθονεῖ]
1064 4470 1122 4550 QU.
1145 4475 1175 4537 εἶ
1191 4472 1226 4537 δέ
1240 4497 1285 4543 τις
1299 4475 1427 4557 φθονεῖ.
