3576 5340
418 422 461 489 20
937 440 1125 490 mmmm

417 603 523 687 τρηθῇ
546 603 674 688 (partim
699 621 772 666 oum
797 602 879 681 aliis)
901 603 933 666 Τ.
956 601 1166 666 Ηιιλλιθείεαια
1234 599 1459 685 ἕντελεντῆσοι]
1484 598 1519 664 εὖ
1541 600 1654 664 τελευ-

417 699 508 776 τῆσαι
530 694 610 775 conj.
634 692 740 757 Herw.
809 693 838 754 2.
861 690 956 775 ύθάς]
980 691 1064 776 Lege
1087 692 1180 775 ἠθάς.

505 781 547 844 ΙΙ.
572 783 624 845 46.
648 779 732 846 ἀθλο
757 780 817 863 γὰρ
841 781 888 852 οἷς
910 787 1007 845 κεῖται
1035 782 1148 864 ἀρετῆς
1169 781 1313 862 μέγιστα,
1340 785 1405 850 τοῖς
1428 779 1463 844 δὲ
1486 780 1518 862 (f.
1540 780 1657 844 τοῖσδε

418 876 474 935 aut
495 872 626 950 τούτοις)
649 871 703 935 καλ
726 870 840 952 ἄνδρες
862 871 982 951 ἀριστοι
1004 870 1227 933 πολιτεύουσιν.

505 977 624 1042 1147.
651 978 678 1039 1.
701 976 954 1060 Πελοποννήσιοι
986 976 1040 1040 καὶ
1072 978 1103 1039 οῖ
1129 973 1307 1062 ξύμμαχοι]
1340 977 1409 1040 Imo
1434 977 1465 1040 οἱ
1486 975 1563 1040 Πελ.
1588 1014 1653 1038 -.

461 1066 633 1149 λεγόμενον
655 1066 715 1149 μὲν
742 1065 797 1150 -]
821 1066 890 1129 Imo
913 1066 1066 1148 λεγομένη
1089 1065 1150 1148 μὲν
1173 1104 1228 1127 -.
1298 1068 1327 1129 2.
1350 1064 1544 1150 πολλαχόσε]
1566 1063 1653 1129 For-

417 1160 537 1219 matum
570 1165 607 1219 ut
639 1155 814 1237 οὐδαμόσε,
846 1155 972 1229 ἄλλοσε,
1003 1155 1214 1238 πλεισταχόοε.
1278 1154 1559 1239 ἀγκατασκῆφαι]
1599 1153 1650 1218 Of.

415 1245 505 1328 Trag.
529 1245 634 1329 adesp.
660 1245 733 1324 389,
757 1246 785 1306 2.
810 1244 885 1308 ὅταν
907 1269 933 1307 τι
956 1250 1044 1315 ναοῖς
1059 1245 1285 1328 ἕγκοτοσκήφγγ
1301 1246 1411 1327 μύσος.
1480 1246 1519 1308 ού
1536 1245 1651 1327 μέντοι

415 1335 564 1405 τοσοῦτός
588 1358 622 1416 γε
645 1331 755 1415 λοιμὸς
778 1333 853 1398 ούδὲ
876 1332 988 1416 φθορὰ
1014 1335 1116 1405 οὕτως
1139 1335 1325 1417 (τοσαύτηῖ)
1349 1334 1538 1417 ἀνθρώπων
1560 1340 1620 1399 ede.

504 1422 544 1487 II.
569 1425 620 1486 48.
646 1423 673 1484 l.
706 1424 738 1493 ἒς
769 1422 826 1505 τὴν
849 1459 891 1468 -
914 1423 1006 1487 πόλιν
1033 1460 1076 1469 -
1100 1422 1240 1508 ἐνέπεσε]
1273 1425 1305 1493 ἒς
1336 1423 1458 1506 τὴν-
1485 1424 1577 1487 πόλιν
1600 1461 1647 1470 -

416 1513 542 1576 ἒσίπεσε
565 1511 769 1577 Herwerden.
809 1510 867 1587 Qu.
890 1518 927 1595 τῇ
951 1550 993 1559 -
1016 1513 1105 1577 πόλει
1129 1550 1170 1560 -
1194 1514 1326 1576 ἐνέπεσε.

504 1619 544 1683 Π.
570 1620 621 1682 49.
648 1619 674 1682 l.
701 1619 737 1682 τὸ
764 1618 824 1701 μὲν
852 1619 913 1702 γὰρ
937 1620 1018 1694 ἔτος,
1046 1620 1093 1691 ὡς
1116 1620 1310 1702 ὡμολογεῖτο
1342 1621 1379 1684 ἐκ
1410 1621 1548 1694 πάντων,
1579 1622 1645 1704 μά-
1749 1611 1750 1640 ’

415 1709 499 1772 λιστα
530 1707 568 1791 δὴ
598 1709 698 1773 ε’κεῖνο
725 1746 765 1754 -
790 1709 869 1790 (sic)
897 1707 1041 1793 Madvig,
1069 1710 1108 1774 de
1131 1711 1168 1774 ἐκ
1196 1711 1243 1774 sic
1270 1711 1371 1794 posito
1395 1709 1513 1775 00111.
1538 1712 1588 1774 20.
1615 1713 1645 1774 3.

415 1798 453 1860 V.
481 1798 552 1861 104.
581 1797 635 1861 VI.
660 1799 711 1861 36.
735 1800 764 1861 2.
840 1799 959 1881 θέρμοι
991 1799 1116 1882 ἰσχυραὶ
1141 1836 1181 1846 -
1205 1797 1379 1883 ἐλάμβανε]
1411 1800 1480 1863 Imo
1504 1837 1546 1846 -
1571 1800 1644 1864 ἕπε-

414 1887 565 1971 λαμβανε.
605 1887 650 1951 Of.
678 1886 827 1951 Menand.
844 1887 906 1951 dv.
932 1889 982 1951 98.
1015 1889 1122 1970 θέρμα
1154 1912 1186 1952 τε
1223 1889 1373 1972 ἐπέλαβεν
1409 1889 1513 1952 αὐτόν.
1545 1890 1644 1973 Hipp.

415 1976 454 2041 de
478 1978 593 2041 intem.
618 1976 666 2039 aff.
690 1976 730 2041 II.
754 1996 783 2060 p.
808 1978 881 2041 217.
914 1979 1018 2040 ἔπειτα
1050 1978 1167 2059 ἀνῆκεν
1199 1977 1218 2039 δ
1249 1977 1349 2045 πόνος
1375 1977 1432 2039 καί
1452 1976 1547 2047 αὗθις
1569 1979 1642 2040 ἑπέ-

413 2065 510 2148 λαβεν
541 2065 617 2140 ὀξὺς
645 2065 685 2129 δι’
709 2066 824 2147 ὀλίγον.
896 2065 950 2128 καί
976 2069 1041 2127 τῶν
1073 2064 1256 2146 ὀφθαλμῶν
1288 2065 1474 2146 ἐρυθήματα
1508 2065 1542 2142 (l.
1567 2065 1640 2145 ἐρυ-

415 2155 508 2237 θημά
531 2157 579 2234 τε)
601 2155 656 2218 καλ
670 2155 831 2237 φλόγωσις
846 2153 1011 2236 ἐλάμβανε.
1081 2154 1109 2215 2.
1133 2151 1290 2235 ἐνέπιπτε]
1307 2153 1432 2215 ἐνέπεσε
1447 2155 1485 2214 A.
1503 2151 1538 2214 Β.
1553 2151 1589 2216 Ε.
1606 2151 1641 2214 F.

415 2241 477 2308 sed
493 2244 530 2308 cf.
549 2244 599 2307 50.
622 2245 840 2327 προσέπιπτεν.
864 2242 907 2304 49
924 2262 964 2304 m.
987 2242 1188 2323 κατίσκηπτε.
1212 2241 1289 2304 ibid.
1306 2240 1470 2324 ἐλάμβανε.
1539 2264 1640 2305 σπασ-

413 2332 477 2415 μδν
500 2371 542 2379 -
565 2339 630 2403 τοῖς
650 2332 711 2415 μὲν
736 2330 814 2414 μετὰ
841 2335 936 2393 ταῦτα
965 2329 1046 2412 (μετ’
1070 2330 1176 2412 ὀλίγον
1196 2335 1252 2394 aut
1273 2329 1415 2415 βραχὺλ)
1438 2330 1642 2413 λωφήσαντα,

413 2429 477 2493 τοῖς
510 2421 545 2486 δὲ
576 2421 630 2484 καί
661 2421 771 2502 πολλῷ
797 2421 937 2502 ὕστερον.
1007 2421 1035 2483 3.
1058 2421 1138 2503 μήτε
1160 2419 1297 2504 (μηδὲλ)
1328 2425 1394 2484 τῶν
1411 2420 1495 2483 πάνυ
1519 2419 1643 2484 λεπτῶν

414 2512 554 2594 ίματίων.
622 2511 701 2593 μήτε
733 2509 808 2573 ἄλλο
840 2533 867 2572 τι
896 2512 916 2592 ἢ
945 2509 1060 2598 γυμνοὶ
1091 2510 1230 2594 (γυμνὸν
1261 2509 1300 2573 al.
1334 2509 1456 2592 γυμνὸν
1487 2511 1524 2573 ὃν
1556 2515 1643 2573 recte

414 2600 525 2682 Linw.)
557 2600 733 2682 ἀνέχεσθαι.
801 2597 879 2682 μηδ’
911 2598 987 2662 ἀλλο
1014 2623 1042 2662 τι
1074 2597 1110 2682 [ἢ
1143 2598 1276 2683 γυμνὸν]
1310 2599 1478 2682 ἀνέχεσθαι
1509 2599 1541 2662 Τ.
1565 2597 1643 2662 Hal·

416 2693 553 2756 bertsma
584 2709 659 2753 cum
690 2689 877 2753 melioribus
908 2688 1007 2753 libris.
1086 2695 1178 2754 τοῦτο
1204 2689 1407 2772 -ἔδρασαν
1440 2689 1472 2758 ἐς
1503 2687 1642 2772 φρέατα]

414 2780 438 2845 Ι.
454 2799 479 2844 e.
503 2783 639 2862 ἔρριψαν
662 2783 746 2861 σφᾶς
762 2816 818 2840 -.
858 2776 902 2841 cf.
926 2778 984 2842 ΠΙ.
1010 2778 1059 2841 10.
1083 2778 1128 2860 μὴ
1154 2778 1268 2860 δρᾶσαι
1290 2784 1382 2841 τοῦτο
1399 2780 1455 2858 (sc.
1471 2779 1641 2859 καταστρέ-

413 2870 558 2952 ψασθαι).
627 2874 777 2932 τούτο-
794 2867 848 2931 καὶ
870 2868 1009 2948 ἔδρασαν
1036 2867 1085 2950 [ἐς
1107 2866 1144 2930 τὰ
1169 2864 1301 2950 φρέατα]
1324 2873 1362 2949 τῇ
1386 2866 1463 2947 δίψῃ
1488 2864 1642 2948 ἀπαύστῳ

414 2959 618 3042 ξυνεχόμενοι
646 2954 844 3038 Βοααλύεοα,
878 2957 935 3038 qui
968 2956 1065 3019 verba
1097 2956 1130 3025 ἐς
1161 2955 1198 3018 τὰ
1231 2957 1352 3037 φρέατα
1386 2955 1502 3018 9146.
1527 2954 1554 3016 1.
1588 2974 1643 3019 ve·

413 3049 500 3112 nisse
523 3047 711 3131 suspioatur.
749 3044 840 3107 Idem
863 3045 968 3107 locum
996 3046 1042 3108 sic
1065 3045 1208 3107 resarciri
1233 3063 1328 3127 posse
1348 3044 1522 3125 existimat,
1548 3050 1640 3108 τοῦτο

414 3175 457 3184 —
480 3138 533 3202 παλ
565 3136 703 3218 ἔδρασαν
735 3133 931 3216 (δραμόντες)
959 3133 991 3202 ἐς
1017 3132 1054 3195 τὰ
1078 3135 1199 3216 φρέατα
1224 3134 1298 3214 (ἅτε)
1321 3168 1377 3194 -.
1446 3135 1476 3195 4.
1501 3132 1639 3214 διεφθεί-

414 3250 507 3311 ροντο
536 3227 567 3291 οῖ
592 3225 726 3289 πλεῖστοι
762 3225 897 3286 ἐναταῖοι
929 3221 983 3286 καί
1009 3220 1191 3305 ἑβδομαῖοι]
1228 3222 1297 3286 Imo
1334 3224 1450 3286 ἑκταῖοι
1482 3222 1536 3286 καὶ
1568 3222 1640 3306 (W)

414 3318 587 3402 ἑβδομαῖοι.
612 3313 709 3380 Porro
734 3313 764 3376 οῖ
785 3312 911 3382 πλείους
927 3314 964 3375 A.
980 3310 1023 3394 A,
1047 3313 1155 3376 nescio
1172 3332 1212 3375 an
1231 3316 1325 3378 recte.
1395 3313 1423 3374 5.
1447 3313 1640 3395 κατέσκηπτε

415 3407 476 3489 γὰρ
509 3408 541 3477 ἒς
574 3403 642 3486 (καί
674 3404 706 3474 ἐς
736 3399 774 3466 τὰ
798 3401 843 3483 O.)
877 3401 981 3466 αἰδοῖα
1013 3401 1067 3466 καί
1090 3401 1123 3472 ἒς
1146 3403 1193 3484 (ἐς
1215 3401 1306 3483 τδςῖ)
1333 3402 1435 3485 ἄκρος
1457 3407 1565 3484 χεῖρας
1587 3402 1639 3464 καί

414 3495 527 3566 πύδας.
595 3492 773 3577 διέφευγον]
798 3491 856 3568 Qu.
881 3490 1038 3573 διέφυγον.

502 3602 544 3666 ΙΙ.
569 3602 619 3665 50.
643 3600 771 3663 πολλῶν
794 3598 927 3681 ἀτάφων
951 3599 1146 3681 γιγνομένων
1169 3599 1365 3683 (γένομένων
1389 3596 1422 3661 0.
1446 3598 1482 3662 G.
1506 3599 1638 3663 fortasse
1749 3597 1750 3600 ’

414 3695 518 3769 recte).
585 3689 755 3773 τεκμήριον
784 3687 819 3751 δὲ
841 3692 905 3750 τῶν
931 3687 991 3769 μὲν
1013 3689 1166 3754 τοιούτων
1193 3687 1335 3771 ὀρνίθων
1363 3688 1512 3770 ἐπίλειψις
1534 3687 1638 3770 σαφὴς

339 3811 341 3816 ·
414 3779 551 3862 ἐγένετο]
576 3777 634 3854 QU.
658 3779 827 3861 τεκμήριον
851 3775 898 3840 δέ·
924 3783 988 3840 τῶν
1012 3777 1072 3860 γὰρ
1094 3779 1246 3842 τοιούτων
1270 3782 1327 3841 etc.
1399 3777 1458 3861 οὐχ
1490 3779 1637 3860 ἑωρῶντο

415 3870 486 3932 ούτε
509 3867 613 3938 ἄλλως
636 3865 765 3949 (myst)
789 3867 860 3929 οὔτε
882 3865 954 3948 περί
976 3873 1117 3930 τοιοῦτον
1141 3868 1242 3932 οὐδέν.

503 3975 543 4038 Π.
569 3976 618 4037 51.
643 3973 747 4056 ἕτερος
775 3972 831 4056 ἀφ’
860 3973 968 4055 ἑτέρου
995 3974 1167 4056 θεραπείας
1194 3975 1485 4059 ἀναπιμπλάμενοι]
1514 3972 1561 4038 Sc.
1585 3981 1637 4057 τῆς

415 4066 521 4129 νόσου.
582 4061 770 4146 θεραπείας]
786 4061 865 4125 Tolli
880 4061 1007 4126 volebat
1021 4061 1195 4127 Dobraeus.
1219 4065 1374 4147 θεραπείᾳ
1390 4062 1520 4148 Madvig
1535 4064 1637 4146 (recte,

415 4155 545 4240 opinor).
615 4155 643 4217 3.
675 4152 739 4216 ύπδ
775 4157 831 4216 τοῦ
863 4152 983 4215 πολλοῦ
1007 4152 1040 4233 (l.
1063 4153 1184 4218 πολλοῦ
1212 4159 1283 4234 τοῦ)
1319 4160 1424 4218 κακοῦ
1460 4154 1635 4236 νικώμενοι.

416 4245 461 4310 Of.
486 4244 558 4309 VH.
584 4245 625 4308 70
641 4244 661 4306 f.
691 4242 744 4306 καὶ
771 4241 825 4306 τδν
852 4242 972 4306 κτύπον
994 4244 1095 4326 μέγαν
1118 4243 1183 4307 ἀπὸ
1206 4243 1335 4308 πολλῶν
1356 4249 1421 4307 τῶν
1443 4246 1516 4325 (om.
1540 4245 1586 4326 A.
1602 4242 1634 4305 B.

413 4334 450 4399 D.
475 4336 510 4399 Ε.
531 4335 576 4416 F.)
599 4338 680 4398 νεῶν
696 4338 753 4397 ete.
778 4333 829 4396 84.
853 4333 887 4395 ἐν
909 4332 1007 4415 κοίλῳ
1031 4333 1096 4396 ὄντι
1117 4340 1164 4416 τῷ
1186 4340 1332 4418 ποταμῷ.

502 4442 542 4506 H.
568 4443 617 4504 52.
644 4444 671 4505 1.
695 4440 811 4525 ἒπίεοε]
837 4439 946 4504 Malim
970 4440 1078 4514 ἐπίεζε.
1147 4442 1317 4524 ἡμιθνῆτες
1339 4446 1395 4506 τοῦ
1418 4444 1467 4525 (τῇ
1482 4445 1537 4504 τοῦ
1554 4445 1635 4504 recte

413 4529 460 4612 G.)
483 4532 600 4602 ύδατος
632 4531 791 4614 ἐπιθυμίᾳ.
831 4529 876 4594 Of.
900 4527 955 4592 VI.
987 4536 1042 4614 τῆς
1064 4530 1153 4614 (τῇλ)
1185 4537 1306 4615 τροφῆς
1338 4533 1469 4617 ζητήσει.
1537 4530 1633 4612 ύπερ-
