3510 5338
357 463 399 525 84
827 538 832 548 ¹
879 479 1064 524 ravcvnmrs

444 639 533 703 VIII.
557 641 608 704 81.
633 642 661 702 3.
693 623 854 702 πιστεύσαι
886 639 915 702 δ’
943 639 983 701 ἂν
1014 628 1334 720 μόνοιςἊθηναίοις
1366 639 1395 701 εἰ
1420 637 1515 709 αὐτὸς
1541 631 1586 720 (εἰ

357 731 404 800 ὡς
427 729 521 799 αύτδς
544 731 582 792 A.
606 727 642 792 M.
666 727 698 791 F.
722 730 751 792 εί
772 728 818 798 ὡς
841 725 958 798 αὖτοὺς
980 727 1016 790 Β.
1044 728 1073 790 εἰ
1098 731 1164 797 σῶς
1187 725 1281 797 αὐτὸς
1303 727 1341 790 A.
1367 746 1445 792 corr.
1473 729 1582 810 recte).

356 820 444 901 αὐτῷ
476 819 598 900 (αὐτοῖς
620 818 658 880 A.
683 818 718 881 Β.
742 816 778 880 Ε.
802 815 835 880 F.
862 817 964 899 recte)
995 817 1188 889 ἀναδέξαιτο.
1268 818 1297 879 εί
1318 853 1359 860 -
1384 817 1581 900 ἀναδέξαιτο]

357 908 415 986 Qu.
439 910 468 971 εἰ
488 945 530 954 -
555 908 745 981 ἀναδέξαιτο.
776 905 1005 988 Ἀναδέχεοθαί
1023 906 1053 968 τί
1072 929 1128 968 τινι
1153 905 1313 970 dicebant:
1338 905 1376 968 cf.
1400 905 1483 970 Xan.
1507 905 1581 989 Oyr.

445 1086 532 1150 VIII.
550 1087 601 1150 82.
620 1087 647 1148 1.
671 1084 845 1168 στρατηγόν
867 1108 899 1147 τε
922 1082 1017 1147 αὐτὸν
1041 1083 1139 1154 εὐθὺς
1162 1084 1280 1148 εἵλοντο
1300 1121 1338 1130 -
1355 1083 1409 1147 καί
1426 1083 1463 1168 τὰ
1479 1085 1581 1168 πράγ-

356 1199 439 1258 ματα
463 1176 564 1239 πάντα
588 1174 781 1257 ἀνετίθεσαν]
815 1172 889 1237 Sub.
914 1174 1009 1255 αύτῷ.
1049 1173 1094 1238 uf.
1118 1173 1203 1237 Nub.
1229 1174 1322 1236 1453.
1350 1175 1425 1255 ύμῖν
1453 1173 1583 1245 ἀναθείς

356 1264 424 1335 θείς
447 1265 569 1328 ἅπαντα
592 1263 676 1346 τάμά
699 1264 878 1347 πράγματα.
902 1263 998 1326 Arist.
1022 1263 1081 1324 Av.
1100 1263 1173 1326 546.
1197 1261 1278 1326 Plut.
1295 1262 1365 1327 Per.
1384 1264 1434 1326 32.
1502 1263 1582 1328 κατὰ

355 1353 391 1417 τὸ
415 1353 542 1438 αὐτίκα]
567 1353 618 1417 διὰ
643 1389 684 1439 ss-
708 1353 745 1416 B.
784 1350 842 1428 Qu.
865 1351 953 1435 παρὰ
978 1388 1034 1413 -.
1441 1418 1443 1422 ,

446 1441 534 1505 VIII.
552 1444 603 1505 83.
622 1443 648 1504 l.
673 1441 727 1505 καί
741 1440 795 1505 τὸν
811 1479 853 1486 -
870 1439 1033 1525 ἐπίπλουν]
1057 1439 1137 1504 κατὰ
1152 1440 1207 1504 τὸν
1224 1479 1265 1486 -
1283 1440 1415 1505 Goeller.
1433 1441 1474 1505 ad
1488 1441 1582 1505 Dion.

356 1531 429 1595 Hal.
454 1531 492 1595 de
516 1530 548 1596 G.
573 1531 611 1594 V.
644 1525 673 1614 p.
699 1532 771 1593 235.
805 1529 884 1612 μετὰ
916 1529 971 1594 τὸν
995 1567 1036 1576 -
1060 1528 1179 1594 Duker.
1211 1530 1310 1594 Belrlr.
1359 1528 1417 1606 Qu.
1451 1530 1502 1594 διὰ
1526 1571 1582 1596 -.

400 1620 454 1683 καί
486 1621 519 1690 ἐς
549 1619 585 1684 τδ
616 1620 775 1701 μισεῖσθαι
809 1619 868 1710 ὑπ’.
898 1618 1015 1704 αὐτῶν]
1055 1618 1112 1696 Qu.
1145 1619 1225 1683 ὥστε
1257 1619 1311 1683 καί
1342 1620 1502 1702 μισεῖσθαι
1525 1659 1582 1682 -.

357 1733 555 1864 ιιῖρέἒῖέ
579 1711 643 1869 ἷέἔς
660 1707 1025 1880 τῗιῖίῖλίιίλλιέῗίι
1042 1732 1221 1881 λζίῖξῖί
1242 1713 1388 1881 ίῗλίῖῖί
1416 1707 1585 1870 ῖιῗδοοέἐ

356 1889 530 1971 φθείροντα
553 1887 590 1951 τά
617 1889 787 1970 πράγματα
816 1888 941 1970 συνέβη
960 1887 1027 1951 τότε
1056 1887 1107 1951 διὰ
1134 1887 1170 1950 τδ
1192 1888 1237 1971 μὴ
1262 1888 1444 1970 προθύμως
1466 1889 1582 1970 μισθο-

357 1979 457 2042 δοτεῖν
489 1978 632 2041 ἐπιτεῖναι
663 1977 698 2040 τὸ
731 1978 763 2047 ἐς
790 1975 886 2040 αὐτὸν
912 1982 1011 2059 μῖσος.
1051 1975 1178 2042 Scilicet
1211 1977 1373 2042 exciderat
1403 1978 1584 2059 μισούντων

356 2072 484 2150 propter
506 2066 541 2130 τδ
565 2067 808 2149 ὁμοιοτέλευτον.

445 2155 533 2219 VIII.
558 2158 609 2220 84.
636 2157 662 2218 1.
691 2156 853 2238 ἐλεύθεροι
881 2155 962 2238 ἦσαν
992 2155 1037 2238 [τὸ
1060 2154 1197 2238 πλῆθος]
1227 2157 1257 2219 οί
1283 2161 1381 2219 ναῦτα
1405 2161 1520 2220 aut-
1545 2156 1583 2220 τὸ

356 2244 482 2327 πλῆθος
505 2244 548 2328 [oi
570 2242 689 2328 ναῦται]
713 2243 832 2308 Haack.
856 2243 1049 2308 Donaldson.
1073 2243 1178 2308 Herw.

445 2332 534 2396 VIII.
559 2335 610 2396 85.
636 2335 663 2396 3.
695 2333 752 2415 τὴν
784 2334 905 2417 ἔχθραν
938 2335 968 2396 οῖ
998 2334 1149 2416 προθεῖτο
1182 2334 1348 2416 (πρόθοιτο
1371 2335 1409 2397 A.
1433 2334 1469 2398 B.
1491 2333 1528 2398 u.
1548 2334 1583 2398 F.

356 2422 416 2505 leg.
439 2423 630 2505 προσθεῖτο).
711 2426 739 2485 4.
773 2423 948 2506 διεβεβήκει
981 2428 1064 2488 recte
1097 2423 1242 2506 plerique
1275 2423 1361 2506 libri,
1393 2423 1449 2487 sed
1478 2424 1583 2506 διαβε-

356 2513 447 2595 βήκει
471 2511 506 2575 G.

447 2600 535 2665 VIII.
560 2603 611 2665 86.
637 2603 665 2664 1.
688 2600 891 2685 πρεσβευταί]
919 2603 1065 2684 πρέσβεις
1088 2601 1193 2666 Hervv.
1233 2600 1364 2686 Semper
1387 2604 1473 2666 enim
1502 2603 1584 2666 hanc

357 2691 492 2754 formam
520 2692 651 2774 reperiri
679 2692 763 2775 apud
786 2691 1015 2774 Thucydidem.
1094 2694 1122 2753 2.
1147 2692 1193 2761 ὡς
1210 2694 1287 2773 -ή
1311 2693 1495 2774 μετάστασις
1518 2693 1583 2774 γίγ-

356 2804 440 2844 νοιτο
463 2781 598 2861 (γένοιτο
631 2786 715 2844 recte
739 2780 774 2843 G.
808 2783 920 2863 γίνεται
943 2780 981 2842 A.
1006 2780 1040 2842 Ε.
1065 2781 1097 2844 F.
1123 2780 1158 2843 G.
1183 2783 1270 2864 sup).
1349 2784 1377 2843 3.
1406 2783 1583 2863 σαφέστατα

357 2961 396 3022 ο
419 2868 1077 3039 5538f330..33⁸5531..⁰21.2..0..it
1105 2870 1292 3041 ilidii
1311 2871 1582 3044 3322383.

358 3048 477 3129 δοριῶν
500 3048 672 3128 ἀπέτρεπεν
696 3046 832 3130 Madvig.
907 3048 934 3110 5.
963 3046 1044 3128 πρὸς
1070 3047 1130 3129 μὲν
1163 3047 1223 3129 γὰρ
1247 3055 1330 3130 σφοῖς
1363 3048 1478 3119 αὐτοὺς
1505 3049 1582 3112 πολ-

356 3136 414 3218 λήν
446 3136 555 3198 ἐλπίδα
589 3135 666 3199 εἶναι
697 3136 751 3198 καί
783 3137 896 3218 (adivi)
929 3138 1094 3219 ξυμβῆναι.
1172 3139 1200 3200 εί
1230 3137 1265 3201 δέ
1297 3139 1384 3211 ἅπαξ
1414 3138 1449 3201 τὸ
1478 3140 1584 3219 ἕτερον

357 3225 560 3307 σφαλήσεται,
584 3224 655 3308 ήτδ
671 3226 705 3288 έν
720 3224 826 3308 Σάμῳ
850 3228 869 3308 ή
893 3231 990 3288 κεῖνοι
1005 3226 1117 3308 (ἐκεῖνο
1134 3231 1218 3291 recte
1236 3226 1271 3290 G.
1295 3228 1408 3291 ἐκεῖνοι
1423 3229 1460 3291 A.
1478 3229 1512 3291 Ε.
1530 3229 1583 3308 u).

445 3312 534 3378 VIII.
551 3316 602 3378 87.
621 3316 648 3377 l.
673 3315 870 3379 ἀπολύεσθαι
886 3314 999 3385 -τὰς
1022 3316 1192 3400 ἁμαρτίας]
1218 3314 1262 3380 Of.
1280 3317 1317 3379 V.
1337 3318 1386 3380 75.
1410 3317 1466 3399 τὴν
1485 3319 1584 3380 αἰτίαν

359 3404 562 3468 ἀπελύοαντο.
595 3403 682 3468 VIII.
710 3406 780 3468 109.
814 3405 904 3474 ὅπως
935 3405 1099 3487 μέμψηται
1126 3405 1180 3468 καί
1206 3405 1261 3476 τάς
1290 3406 1441 3489 διαβολὰς
1464 3407 1582 3470 ἀπολο-

357 3495 487 3576 γήσηται
511 3495 758 3576 (ἀπολυσηταιέ).
828 3497 856 3558 3.
882 3502 927 3576 τῴ
950 3493 1095 3575 λέγεσθαι
1119 3495 1165 3564 ὡς
1189 3496 1248 3558 οὐκ
1273 3494 1389 3578 ἀδικεῖ]
1422 3495 1456 3559 τδ
1481 3533 1522 3540 -
1546 3495 1583 3559 Ε.

356 3583 388 3645 F.
414 3582 450 3645 G.
490 3581 547 3659 Qu,
570 3589 626 3646 τοῦ
650 3584 795 3664 λέγεσθαι
812 3621 866 3644 —-.
936 3585 963 3645 4.
989 3583 1054 3646 ἐπεὶ
1077 3585 1109 3646 εί
1126 3607 1160 3665 γε
1181 3583 1361 3668 ἐβουλήθη]
1386 3583 1444 3660 Qu.
1468 3585 1534 3648 ἐπεί
1558 3587 1586 3648 εί

357 3672 519 3754 ἐβουλήθη
544 3696 586 3754 γε,
655 3672 805 3754 ἐπιφανὲς
838 3673 942 3754 δήπου
976 3673 1035 3735 ούιι
1065 3673 1271 3756 ἐνδοιαστῶς]
1300 3674 1470 3756 περιφανὲς
1494 3675 1529 3738 Β.
1554 3679 1584 3738 et

357 3783 404 3841 γρ.
434 3760 469 3823 G.
502 3761 574 3843 περί
606 3761 754 3842 ἐπιφανὲς
783 3763 820 3824 A.
845 3761 877 3823 F.
921 3759 979 3836 Qu.
1014 3761 1186 3843 περιφανὲς
1220 3763 1324 3844 δήπου
1361 3763 1402 3845 ῆν
1433 3763 1468 3826 τὸ
1501 3764 1582 3826 ἀπο-

356 3848 536 3931 βησόμενον
569 3849 708 3931 (μέλλον,
741 3849 913 3931 ἐσόμενον]
1004 3850 1170 3934 ἐπιφανὲς]
1209 3852 1368 3933 ἐπιφανεὶς
1405 3854 1441 3931 (i.
1465 3872 1491 3916 e.
1524 3852 1583 3934 ‘by

357 3937 488 4019 making
520 3937 569 4001 his
602 3941 810 4021 appearance’
843 3937 946 4003 Reisk.
972 3937 1085 4022 linia,
1118 3941 1187 4003 coll.
1215 3939 1299 4004 Xen.
1328 3942 1389 4003 An.
1417 3940 1475 4004 ΠΙ.
1501 3944 1529 4005 3.
1555 3941 1583 4003 6.

357 4027 549 4110 ἐπιφαίνεται
577 4028 670 4091 πάλιν
694 4028 713 4090 δ
736 4027 946 4111 Μιθριδάτης.
974 4027 1032 4091 Ill.
1056 4030 1085 4091 4.
1112 4031 1160 4092 13.
1192 4030 1408 4113 Τισσαφέρνης
1432 4031 1583 4113 ἐπεφάνη.

402 4118 431 4179 4.
464 4116 530 4181 ἐπεί
566 4118 598 4180 εἴ
629 4141 663 4198 γε
699 4117 860 4201 ἐβουλήθη
900 4119 1129 4202 διαπολεμῆσαι
1166 4119 1232 4201 (ἂν)
1261 4157 1301 4164 -
1331 4139 1404 4182 cum
1436 4118 1583 4184 Debraec

356 4204 550 4270 Donaldson.
575 4206 712 4289 Madvig.
736 4211 769 4270 et
795 4209 862 4290 (qui
886 4208 976 4271 δοκεῖ
996 4208 1156 4289 subaudit)
1180 4207 1341 4272 meood.
1379 4209 1505 4274 Deinde
1529 4212 1585 4272 aut

357 4296 545 4359 mendosum
568 4302 623 4360 aut
645 4296 802 4379 glossema
830 4315 898 4360 esse
926 4297 1059 4361 videtur.
1093 4298 1253 4379 ἐπιφανείς
1280 4319 1353 4362 cuni
1382 4298 1525 4380 Reisirio,
1553 4303 1583 4361 et

358 4385 586 4468 διαπολεμῆσαι
609 4388 648 4449 ἂν
672 4404 745 4448 cum
769 4383 913 4448 chraeo
937 4386 1075 4470 Madvig.
1304 4387 1305 4390 ’

444 4473 533 4539 VIII.
557 4476 607 4538 88.
636 4478 655 4557 ἢ
680 4475 741 4557 γὰρ
769 4473 863 4544 αὐτὸς
890 4475 975 4548 ἄξειν
998 4475 1178 4558 Ἀθηναίοις
1205 4476 1260 4548 τὰς
1292 4477 1458 4548 Φοινίσσας
1488 4475 1582 4560 ναῦς]

355 4566 375 4646 ἢ
400 4563 460 4647 γὰρ
484 4565 589 4635 αὐτοῖς
611 4565 696 4638 ἀξειν
720 4563 934 4649 [Ἀθηναίοις]
960 4602 1002 4611 -
1027 4565 1134 4629 (lebet.
