<?xml version="1.0" encoding="UTF-8"?>
<!DOCTYPE html PUBLIC "-//W3C//DTD XHTML 1.0 Transitional//EN"
    "http://www.w3.org/TR/xhtml1/DTD/xhtml1-transitional.dtd">
<html xmlns="http://www.w3.org/1999/xhtml" xml:lang="en" lang="en">
 <head>
  <title>
</title>
<meta http-equiv="Content-Type" content="text/html;charset=utf-8" />
  <meta name='ocr-system' content='tesseract 3.04.00' />
  <meta name='ocr-capabilities' content='ocr_page ocr_carea ocr_par ocr_line ocrx_word'/>
</head>
<body>
  <div class='ocr_page' id='page_1' title='image "./adversariainthu00blaygoog_0023.png"; bbox 0 0 3576 5340; ppageno 0'>
   <div class='ocr_carea' id='block_1_1' title="bbox 341 422 1054 495">
    <p class='ocr_par' dir='ltr' id='par_1_1' title="bbox 341 422 1054 495">
     <span class='ocr_line' id='line_1_1' title="bbox 341 422 1054 495; baseline 0 -9"><span class='ocrx_word' id='word_1_1' title='bbox 341 422 387 486; x_wconf 81' lang='grc'><em>14</em></span> <span class='ocrx_word' id='word_1_2' title='bbox 558 488 562 495; x_wconf 74' lang='grc'><strong>,</strong></span> <span class='ocrx_word' id='word_1_3' title='bbox 860 430 1054 486; x_wconf 57' lang='lat' dir='ltr'><em>mummii&amp;</em></span> 
     </span>
    </p>
   </div>
   <div class='ocr_carea' id='block_1_2' title="bbox 355 552 1566 685">
    <p class='ocr_par' dir='ltr' id='par_1_2' title="bbox 355 552 1566 685">
     <span class='ocr_line' id='line_1_2' title="bbox 355 552 1566 685; baseline 0.001 -20"><span class='ocrx_word' id='word_1_4' title='bbox 355 647 357 652; x_wconf 90' lang='lat'>-</span> <span class='ocrx_word' id='word_1_5' title='bbox 429 601 453 665; x_wconf 93' lang='lat' dir='ltr'><em>I.</em></span> <span class='ocrx_word' id='word_1_6' title='bbox 466 603 537 666; x_wconf 83' lang='lat'>129.</span> <span class='ocrx_word' id='word_1_7' title='bbox 550 603 578 665; x_wconf 88' lang='lat'><em>3.</em></span> <span class='ocrx_word' id='word_1_8' title='bbox 595 602 651 672; x_wconf 88' lang='grc' dir='ltr'><em>οὑς</em></span> <span class='ocrx_word' id='word_1_9' title='bbox 673 625 729 685; x_wconf 94' lang='grc' dir='ltr'><em>μοι</em></span> <span class='ocrx_word' id='word_1_10' title='bbox 749 601 850 684; x_wconf 85' lang='grc' dir='ltr'><em>πέραν</em></span> <span class='ocrx_word' id='word_1_11' title='bbox 865 601 1029 684; x_wconf 84' lang='grc' dir='ltr'><em>ὑαλάσοης</em></span> <span class='ocrx_word' id='word_1_12' title='bbox 1049 598 1097 684; x_wconf 88' lang='grc' dir='ltr'><em>[ἐκ</em></span> <span class='ocrx_word' id='word_1_13' title='bbox 1112 552 1302 685; x_wconf 86' lang='grc' dir='ltr'><em>Βυζαντίου]</em></span> <span class='ocrx_word' id='word_1_14' title='bbox 1319 602 1443 673; x_wconf 81' lang='grc' dir='ltr'><em>ἔσωσας</em></span> <span class='ocrx_word' id='word_1_15' title='bbox 1459 599 1566 667; x_wconf 80' lang='lat' dir='ltr'>Cobet.</span> 
     </span>
    </p>
   </div>
   <div class='ocr_carea' id='block_1_3' title="bbox 339 690 1646 4620">
    <p class='ocr_par' dir='ltr' id='par_1_3' title="bbox 340 690 1567 1133">
     <span class='ocr_line' id='line_1_3' title="bbox 356 690 1567 774; baseline 0.002 -20"><span class='ocrx_word' id='word_1_16' title='bbox 356 736 359 741; x_wconf 93' lang='lat'>-</span> <span class='ocrx_word' id='word_1_17' title='bbox 384 696 448 762; x_wconf 89' lang='grc' dir='ltr'><em>τοῖς</em></span> <span class='ocrx_word' id='word_1_18' title='bbox 471 690 536 755; x_wconf 87' lang='grc' dir='ltr'><em>αἰπδ</em></span> <span class='ocrx_word' id='word_1_19' title='bbox 559 697 618 756; x_wconf 90' lang='grc' dir='ltr'><em>οοὺ</em></span> <span class='ocrx_word' id='word_1_20' title='bbox 646 691 767 772; x_wconf 88' lang='lat' dir='ltr'>(malim</span> <span class='ocrx_word' id='word_1_21' title='bbox 790 690 854 754; x_wconf 84' lang='grc' dir='ltr'><em>ἀπό</em></span> <span class='ocrx_word' id='word_1_22' title='bbox 878 691 948 771; x_wconf 81' lang='grc' dir='ltr'><em>σου)</em></span> <span class='ocrx_word' id='word_1_23' title='bbox 972 690 1156 773; x_wconf 84' lang='grc' dir='ltr'><em>ἀρέσκομαι.</em></span> <span class='ocrx_word' id='word_1_24' title='bbox 1195 690 1241 754; x_wconf 77' lang='lat' dir='ltr'><em>uf.</em></span> <span class='ocrx_word' id='word_1_25' title='bbox 1265 711 1341 755; x_wconf 85' lang='lat' dir='ltr'><em>mex</em></span> <span class='ocrx_word' id='word_1_26' title='bbox 1368 693 1425 755; x_wconf 90' lang='grc' dir='ltr'><em>καί</em></span> <span class='ocrx_word' id='word_1_27' title='bbox 1445 716 1480 756; x_wconf 89' lang='grc' dir='ltr'><em>σε</em></span> <span class='ocrx_word' id='word_1_28' title='bbox 1502 692 1567 774; x_wconf 83' lang='grc' dir='ltr'><em>(καί</em></span> 
     </span>
     <span class='ocr_line' id='line_1_4' title="bbox 340 779 1567 864; baseline 0.001 -20"><span class='ocrx_word' id='word_1_29' title='bbox 340 779 375 844; x_wconf 84' lang='grc' dir='ltr'><em>οδ</em></span> <span class='ocrx_word' id='word_1_30' title='bbox 398 779 444 863; x_wconf 77' lang='lat' dir='ltr'><em>F.)</em></span> <span class='ocrx_word' id='word_1_31' title='bbox 467 786 524 845; x_wconf 78' lang='lat' dir='ltr'><em>ete.</em></span> <span class='ocrx_word' id='word_1_32' title='bbox 592 780 648 844; x_wconf 91' lang='grc' dir='ltr'><em>καί</em></span> <span class='ocrx_word' id='word_1_33' title='bbox 673 805 708 844; x_wconf 88' lang='grc' dir='ltr'><em>σε</em></span> <span class='ocrx_word' id='word_1_34' title='bbox 734 780 814 864; x_wconf 86' lang='grc' dir='ltr'><em>μήτε</em></span> <span class='ocrx_word' id='word_1_35' title='bbox 836 779 895 854; x_wconf 86' lang='grc' dir='ltr'><em>νὺξ</em></span> <span class='ocrx_word' id='word_1_36' title='bbox 916 780 998 863; x_wconf 74' lang='grc' dir='ltr'><em>μήθ’</em></span> <span class='ocrx_word' id='word_1_37' title='bbox 1022 779 1154 863; x_wconf 68' lang='grc' dir='ltr'><em>(μηδ’ἐ)</em></span> <span class='ocrx_word' id='word_1_38' title='bbox 1182 781 1286 863; x_wconf 80' lang='grc' dir='ltr'><em>ἡμέρα</em></span> <span class='ocrx_word' id='word_1_39' title='bbox 1311 781 1462 863; x_wconf 77' lang='grc' dir='ltr'><em>ἐπισχέτω</em></span> <span class='ocrx_word' id='word_1_40' title='bbox 1486 782 1567 846; x_wconf 86' lang='grc' dir='ltr'><em>ὥστε</em></span> 
     </span>
     <span class='ocr_line' id='line_1_5' title="bbox 340 867 1566 954; baseline 0.002 -21"><span class='ocrx_word' id='word_1_41' title='bbox 340 870 458 933; x_wconf 80' lang='grc' dir='ltr'><em>ἀνεῖναι</em></span> <span class='ocrx_word' id='word_1_42' title='bbox 480 870 632 953; x_wconf 85' lang='grc' dir='ltr'><em>πράσσειν</em></span> <span class='ocrx_word' id='word_1_43' title='bbox 654 894 681 933; x_wconf 92' lang='grc' dir='ltr'><em>τι</em></span> <span class='ocrx_word' id='word_1_44' title='bbox 703 867 751 933; x_wconf 84' lang='grc' dir='ltr'><em>ὧν</em></span> <span class='ocrx_word' id='word_1_45' title='bbox 774 870 810 952; x_wconf 78' lang='lat' dir='ltr'><em>(f.</em></span> <span class='ocrx_word' id='word_1_46' title='bbox 833 870 1014 953; x_wconf 82' lang='grc' dir='ltr'><em>πράσσοντα</em></span> <span class='ocrx_word' id='word_1_47' title='bbox 1038 869 1074 951; x_wconf 83' lang='grc' dir='ltr'><em>ἃ)</em></span> <span class='ocrx_word' id='word_1_48' title='bbox 1098 869 1169 952; x_wconf 79' lang='grc' dir='ltr'><em>ἐμοὶ</em></span> <span class='ocrx_word' id='word_1_49' title='bbox 1191 871 1328 954; x_wconf 79' lang='grc' dir='ltr'><em>ὑπισχνῇ</em></span> <span class='ocrx_word' id='word_1_50' title='bbox 1351 870 1461 953; x_wconf 78' lang='lat' dir='ltr'>(-ei?),</span> <span class='ocrx_word' id='word_1_51' title='bbox 1483 871 1566 954; x_wconf 84' lang='grc' dir='ltr'><em>μηδὲ</em></span> 
     </span>
     <span class='ocr_line' id='line_1_6' title="bbox 341 958 1566 1043; baseline 0.002 -22"><span class='ocrx_word' id='word_1_52' title='bbox 341 958 472 1043; x_wconf 70' lang='grc' dir='ltr'><em>(μήτεέ)</em></span> <span class='ocrx_word' id='word_1_53' title='bbox 499 965 620 1042; x_wconf 82' lang='grc' dir='ltr'><em>χρυσοῦ</em></span> <span class='ocrx_word' id='word_1_54' title='bbox 648 959 702 1023; x_wconf 83' lang='grc' dir='ltr'><em>καί</em></span> <span class='ocrx_word' id='word_1_55' title='bbox 729 959 873 1043; x_wconf 82' lang='grc' dir='ltr'><em>ἀργύρου</em></span> <span class='ocrx_word' id='word_1_56' title='bbox 902 958 1028 1042; x_wconf 79' lang='grc' dir='ltr'><em>δαπάνῃ</em></span> <span class='ocrx_word' id='word_1_57' title='bbox 1052 958 1253 1022; x_wconf 85' lang='grc' dir='ltr'><em>κεκωλύσὺω</em></span> <span class='ocrx_word' id='word_1_58' title='bbox 1276 959 1456 1043; x_wconf 81' lang='grc' dir='ltr'><em>(κωλυὺῇς)</em></span> <span class='ocrx_word' id='word_1_59' title='bbox 1483 960 1566 1042; x_wconf 85' lang='grc' dir='ltr'><em>μηδὲ</em></span> 
     </span>
     <span class='ocr_line' id='line_1_7' title="bbox 341 1048 1565 1133; baseline 0 -21"><span class='ocrx_word' id='word_1_60' title='bbox 341 1053 484 1130; x_wconf 87' lang='grc' dir='ltr'><em>στρατιᾶς</em></span> <span class='ocrx_word' id='word_1_61' title='bbox 506 1049 634 1133; x_wconf 75' lang='grc' dir='ltr'><em>πλήὺει,</em></span> <span class='ocrx_word' id='word_1_62' title='bbox 662 1050 694 1112; x_wconf 85' lang='grc' dir='ltr'><em>εἴ</em></span> <span class='ocrx_word' id='word_1_63' title='bbox 714 1072 769 1113; x_wconf 88' lang='grc' dir='ltr'><em>ποι</em></span> <span class='ocrx_word' id='word_1_64' title='bbox 793 1048 843 1112; x_wconf 87' lang='grc' dir='ltr'><em>δεῖ</em></span> <span class='ocrx_word' id='word_1_65' title='bbox 861 1048 953 1130; x_wconf 79' lang='grc' dir='ltr'><em>(δέοι,</em></span> <span class='ocrx_word' id='word_1_66' title='bbox 977 1052 1033 1111; x_wconf 88' lang='lat' dir='ltr'><em>aut</em></span> <span class='ocrx_word' id='word_1_67' title='bbox 1055 1049 1095 1130; x_wconf 84' lang='grc' dir='ltr'><em>ἥν</em></span> <span class='ocrx_word' id='word_1_68' title='bbox 1117 1072 1171 1111; x_wconf 92' lang='grc' dir='ltr'><em>ποι</em></span> <span class='ocrx_word' id='word_1_69' title='bbox 1196 1048 1284 1132; x_wconf 62' lang='lat' dir='ltr'>dent)</span> <span class='ocrx_word' id='word_1_70' title='bbox 1307 1051 1565 1132; x_wconf 71' lang='grc' dir='ltr'><em>παραγίγνεσθαι.</em></span> 
     </span>
    </p>

    <p class='ocr_par' dir='ltr' id='par_1_4' title="bbox 429 1136 1565 1222">
     <span class='ocr_line' id='line_1_8' title="bbox 429 1136 1565 1222; baseline 0 -20"><span class='ocrx_word' id='word_1_71' title='bbox 429 1138 454 1202; x_wconf 96' lang='grc' dir='ltr'><em>Ι.</em></span> <span class='ocrx_word' id='word_1_72' title='bbox 480 1139 552 1202; x_wconf 85' lang='grc'><em>130.</em></span> <span class='ocrx_word' id='word_1_73' title='bbox 578 1140 605 1202; x_wconf 93' lang='grc'><em>1.</em></span> <span class='ocrx_word' id='word_1_74' title='bbox 633 1138 744 1220; x_wconf 78' lang='grc' dir='ltr'><em>πολλῷ</em></span> <span class='ocrx_word' id='word_1_75' title='bbox 770 1136 838 1201; x_wconf 90' lang='grc' dir='ltr'><em>τότε</em></span> <span class='ocrx_word' id='word_1_76' title='bbox 865 1137 986 1219; x_wconf 87' lang='grc' dir='ltr'><em>μᾶλλον</em></span> <span class='ocrx_word' id='word_1_77' title='bbox 1013 1137 1149 1219; x_wconf 86' lang='grc' dir='ltr'><em>(μᾶλλον</em></span> <span class='ocrx_word' id='word_1_78' title='bbox 1176 1136 1244 1201; x_wconf 90' lang='grc' dir='ltr'><em>τότε</em></span> <span class='ocrx_word' id='word_1_79' title='bbox 1266 1139 1381 1202; x_wconf 87' lang='lat' dir='ltr'>meiius</span> <span class='ocrx_word' id='word_1_80' title='bbox 1404 1137 1456 1216; x_wconf 79' lang='grc' dir='ltr'><em>Β.)</em></span> <span class='ocrx_word' id='word_1_81' title='bbox 1479 1137 1565 1222; x_wconf 80' lang='grc' dir='ltr'><em>ἦρτο.</em></span> 
     </span>
    </p>

    <p class='ocr_par' dir='ltr' id='par_1_5' title="bbox 340 1225 1565 1400">
     <span class='ocr_line' id='line_1_9' title="bbox 386 1225 1565 1311; baseline 0.001 -22"><span class='ocrx_word' id='word_1_82' title='bbox 386 1229 414 1290; x_wconf 87' lang='grc'><em>2.</em></span> <span class='ocrx_word' id='word_1_83' title='bbox 437 1233 475 1311; x_wconf 83' lang='grc' dir='ltr'><em>τῇ</em></span> <span class='ocrx_word' id='word_1_84' title='bbox 499 1227 579 1311; x_wconf 83' lang='grc' dir='ltr'><em>ὀργῇ</em></span> <span class='ocrx_word' id='word_1_85' title='bbox 603 1226 721 1311; x_wconf 87' lang='grc' dir='ltr'><em>[οὑτω]</em></span> <span class='ocrx_word' id='word_1_86' title='bbox 750 1227 871 1310; x_wconf 80' lang='grc' dir='ltr'><em>χαλεπῇ</em></span> <span class='ocrx_word' id='word_1_87' title='bbox 900 1228 1013 1310; x_wconf 83' lang='grc' dir='ltr'><em>ἐχρῆτο</em></span> <span class='ocrx_word' id='word_1_88' title='bbox 1041 1228 1073 1296; x_wconf 88' lang='grc' dir='ltr'><em>ἐς</em></span> <span class='ocrx_word' id='word_1_89' title='bbox 1095 1227 1215 1297; x_wconf 83' lang='grc' dir='ltr'><em>πάντας</em></span> <span class='ocrx_word' id='word_1_90' title='bbox 1239 1225 1337 1310; x_wconf 84' lang='grc' dir='ltr'><em>[ὥστε</em></span> <span class='ocrx_word' id='word_1_91' title='bbox 1357 1227 1481 1311; x_wconf 79' lang='grc' dir='ltr'><em>μηδένα</em></span> <span class='ocrx_word' id='word_1_92' title='bbox 1510 1228 1565 1290; x_wconf 92' lang='grc' dir='ltr'><em>δυ-</em></span> 
     </span>
     <span class='ocr_line' id='line_1_10' title="bbox 340 1315 789 1400; baseline -0.002 -20"><span class='ocrx_word' id='word_1_93' title='bbox 340 1318 457 1380; x_wconf 85' lang='grc' dir='ltr'><em>ναοὺαι</em></span> <span class='ocrx_word' id='word_1_94' title='bbox 479 1316 653 1400; x_wconf 83' lang='grc' dir='ltr'><em>προσιέναι]</em></span> <span class='ocrx_word' id='word_1_95' title='bbox 676 1315 789 1381; x_wconf 77' lang='grc' dir='ltr'><em>Ηθειν.</em></span> 
     </span>
    </p>

    <p class='ocr_par' dir='ltr' id='par_1_6' title="bbox 340 1403 1568 1934">
     <span class='ocr_line' id='line_1_11' title="bbox 429 1403 1565 1490; baseline 0.002 -22"><span class='ocrx_word' id='word_1_96' title='bbox 429 1406 454 1470; x_wconf 92' lang='grc' dir='ltr'><em>Ι.</em></span> <span class='ocrx_word' id='word_1_97' title='bbox 480 1406 552 1470; x_wconf 89' lang='grc'><strong>131.</strong></span> <span class='ocrx_word' id='word_1_98' title='bbox 577 1406 605 1468; x_wconf 92' lang='lat' dir='ltr'><em>l.</em></span> <span class='ocrx_word' id='word_1_99' title='bbox 629 1407 662 1476; x_wconf 89' lang='grc' dir='ltr'><em>ἐς</em></span> <span class='ocrx_word' id='word_1_100' title='bbox 685 1405 720 1469; x_wconf 82' lang='grc' dir='ltr'><em>δέ</em></span> <span class='ocrx_word' id='word_1_101' title='bbox 742 1404 900 1476; x_wconf 87' lang='grc' dir='ltr'><em>Κολωνὰς</em></span> <span class='ocrx_word' id='word_1_102' title='bbox 921 1403 976 1476; x_wconf 83' lang='grc' dir='ltr'><em>τὰς</em></span> <span class='ocrx_word' id='word_1_103' title='bbox 1001 1405 1157 1488; x_wconf 82' lang='grc' dir='ltr'><em>Τριβαδας</em></span> <span class='ocrx_word' id='word_1_104' title='bbox 1180 1406 1246 1490; x_wconf 86' lang='grc' dir='ltr'><em>(τῆς</em></span> <span class='ocrx_word' id='word_1_105' title='bbox 1264 1405 1454 1490; x_wconf 71' lang='grc' dir='ltr'><em>Τρῳάδοςέ)</em></span> <span class='ocrx_word' id='word_1_106' title='bbox 1478 1407 1565 1490; x_wconf 80' lang='grc' dir='ltr'><em>ἱδρυ-</em></span> 
     </span>
     <span class='ocr_line' id='line_1_12' title="bbox 340 1494 1565 1580; baseline 0.001 -21"><span class='ocrx_word' id='word_1_107' title='bbox 340 1495 488 1566; x_wconf 71' lang='lat' dir='ltr'><em>dulcata.</em></span> <span class='ocrx_word' id='word_1_108' title='bbox 572 1497 601 1557; x_wconf 86' lang='lat'><em>2.</em></span> <span class='ocrx_word' id='word_1_109' title='bbox 629 1496 725 1568; x_wconf 84' lang='grc' dir='ltr'><em>ἐξεστι</em></span> <span class='ocrx_word' id='word_1_110' title='bbox 759 1495 794 1559; x_wconf 81' lang='grc' dir='ltr'><em>δὲ</em></span> <span class='ocrx_word' id='word_1_111' title='bbox 820 1500 883 1565; x_wconf 83' lang='grc' dir='ltr'><em>τοῖς</em></span> <span class='ocrx_word' id='word_1_112' title='bbox 910 1494 1041 1578; x_wconf 77' lang='grc' dir='ltr'><em>ἐφόροις</em></span> <span class='ocrx_word' id='word_1_113' title='bbox 1067 1494 1122 1558; x_wconf 88' lang='grc' dir='ltr'><em>τὸν</em></span> <span class='ocrx_word' id='word_1_114' title='bbox 1153 1495 1282 1578; x_wconf 82' lang='grc' dir='ltr'><em>βασιλέα</em></span> <span class='ocrx_word' id='word_1_115' title='bbox 1317 1495 1430 1580; x_wconf 86' lang='grc' dir='ltr'><em>δρᾶσαι</em></span> <span class='ocrx_word' id='word_1_116' title='bbox 1461 1495 1565 1580; x_wconf 83' lang='grc' dir='ltr'><em>τοῦτο]</em></span> 
     </span>
     <span class='ocr_line' id='line_1_13' title="bbox 340 1583 1567 1670; baseline 0.002 -23"><span class='ocrx_word' id='word_1_117' title='bbox 340 1583 430 1648; x_wconf 85' lang='lat' dir='ltr'>Haec</span> <span class='ocrx_word' id='word_1_118' title='bbox 453 1605 472 1648; x_wconf 87' lang='lat' dir='ltr'>a</span> <span class='ocrx_word' id='word_1_119' title='bbox 493 1584 677 1666; x_wconf 82' lang='lat' dir='ltr'>Thucydide</span> <span class='ocrx_word' id='word_1_120' title='bbox 706 1584 868 1667; x_wconf 83' lang='lat' dir='ltr'>abjudicat</span> <span class='ocrx_word' id='word_1_121' title='bbox 889 1585 921 1648; x_wconf 88' lang='grc' dir='ltr'><em>Τ.</em></span> <span class='ocrx_word' id='word_1_122' title='bbox 945 1583 1160 1667; x_wconf 84' lang='lat' dir='ltr'>Haibertsma,</span> <span class='ocrx_word' id='word_1_123' title='bbox 1190 1605 1289 1669; x_wconf 89' lang='lat' dir='ltr'>quum</span> <span class='ocrx_word' id='word_1_124' title='bbox 1317 1603 1376 1648; x_wconf 86' lang='lat' dir='ltr'><em>rex</em></span> <span class='ocrx_word' id='word_1_125' title='bbox 1399 1584 1567 1670; x_wconf 84' lang='lat' dir='ltr'>Spartano-</span> 
     </span>
     <span class='ocr_line' id='line_1_14' title="bbox 340 1673 1568 1759; baseline 0.002 -23"><span class='ocrx_word' id='word_1_126' title='bbox 340 1693 412 1736; x_wconf 87' lang='lat' dir='ltr'><em>rum</em></span> <span class='ocrx_word' id='word_1_127' title='bbox 439 1693 505 1737; x_wconf 75' lang='grc' dir='ltr'><em>σου</em></span> <span class='ocrx_word' id='word_1_128' title='bbox 533 1675 629 1737; x_wconf 88' lang='lat' dir='ltr'>fuerit</span> <span class='ocrx_word' id='word_1_129' title='bbox 656 1673 844 1757; x_wconf 77' lang='lat' dir='ltr'>Pausaniae,</span> <span class='ocrx_word' id='word_1_130' title='bbox 877 1673 934 1738; x_wconf 87' lang='lat' dir='ltr'><em>sed</em></span> <span class='ocrx_word' id='word_1_131' title='bbox 957 1673 1125 1737; x_wconf 85' lang='lat' dir='ltr'>Plistarehi</span> <span class='ocrx_word' id='word_1_132' title='bbox 1152 1674 1315 1757; x_wconf 86' lang='grc' dir='ltr'><em>πρόδικος.</em></span> <span class='ocrx_word' id='word_1_133' title='bbox 1383 1675 1568 1759; x_wconf 74' lang='grc' dir='ltr'><em>καθίστησιν</em></span> 
     </span>
     <span class='ocr_line' id='line_1_15' title="bbox 340 1761 1567 1847; baseline 0.001 -21"><span class='ocrx_word' id='word_1_134' title='bbox 340 1761 452 1827; x_wconf 85' lang='grc' dir='ltr'><em>ἐαυτὸν</em></span> <span class='ocrx_word' id='word_1_135' title='bbox 484 1764 516 1833; x_wconf 88' lang='grc' dir='ltr'><em>ἐς</em></span> <span class='ocrx_word' id='word_1_136' title='bbox 548 1763 649 1847; x_wconf 86' lang='grc' dir='ltr'><em>κρίσιν</em></span> <span class='ocrx_word' id='word_1_137' title='bbox 680 1768 744 1834; x_wconf 88' lang='grc' dir='ltr'><em>τοῖς</em></span> <span class='ocrx_word' id='word_1_138' title='bbox 776 1762 983 1847; x_wconf 83' lang='grc' dir='ltr'><em>βουλύμένοις</em></span> <span class='ocrx_word' id='word_1_139' title='bbox 1009 1763 1081 1846; x_wconf 80' lang='grc' dir='ltr'><em>περὶ</em></span> <span class='ocrx_word' id='word_1_140' title='bbox 1110 1762 1207 1827; x_wconf 87' lang='grc' dir='ltr'><em>αὑτὸν</em></span> <span class='ocrx_word' id='word_1_141' title='bbox 1234 1765 1360 1847; x_wconf 87' lang='grc' dir='ltr'><em>(αὑτῶν,</em></span> <span class='ocrx_word' id='word_1_142' title='bbox 1386 1766 1479 1828; x_wconf 90' lang='lat' dir='ltr'>utin</span> <span class='ocrx_word' id='word_1_143' title='bbox 1503 1762 1567 1847; x_wconf 67' lang='lat' dir='ltr'>(ti)</span> 
     </span>
     <span class='ocr_line' id='line_1_16' title="bbox 341 1852 483 1934; baseline 0 -19"><span class='ocrx_word' id='word_1_144' title='bbox 341 1852 483 1934; x_wconf 80' lang='grc' dir='ltr'><em>ἐλέγχειν.</em></span> 
     </span>
    </p>

    <p class='ocr_par' dir='ltr' id='par_1_7' title="bbox 339 1940 1569 2739">
     <span class='ocr_line' id='line_1_17' title="bbox 429 1940 1568 2026; baseline 0.003 -22"><span class='ocrx_word' id='word_1_145' title='bbox 429 1941 453 2004; x_wconf 91' lang='grc' dir='ltr'><em>Ι.</em></span> <span class='ocrx_word' id='word_1_146' title='bbox 479 1943 551 2004; x_wconf 86' lang='grc'><em>132.</em></span> <span class='ocrx_word' id='word_1_147' title='bbox 577 1943 605 2004; x_wconf 91' lang='grc'><em>1.</em></span> <span class='ocrx_word' id='word_1_148' title='bbox 633 1940 774 2025; x_wconf 82' lang='grc' dir='ltr'><em>φανερὸν</em></span> <span class='ocrx_word' id='word_1_149' title='bbox 800 1941 860 2024; x_wconf 70' lang='grc' dir='ltr'><em>μὲν</em></span> <span class='ocrx_word' id='word_1_150' title='bbox 887 1940 972 2026; x_wconf 83' lang='grc' dir='ltr'><em>εἶχον</em></span> <span class='ocrx_word' id='word_1_151' title='bbox 998 1941 1093 2006; x_wconf 80' lang='grc' dir='ltr'><em>οὑδέν</em></span> <span class='ocrx_word' id='word_1_152' title='bbox 1117 1980 1158 1989; x_wconf 87' lang='grc'>-</span> <span class='ocrx_word' id='word_1_153' title='bbox 1182 1942 1248 2025; x_wconf 87' lang='grc' dir='ltr'><em>ὅτῳ</em></span> <span class='ocrx_word' id='word_1_154' title='bbox 1279 1945 1320 2006; x_wconf 81' lang='grc' dir='ltr'><em>ἂν</em></span> <span class='ocrx_word' id='word_1_155' title='bbox 1351 1943 1568 2014; x_wconf 83' lang='grc' dir='ltr'><em>πιστεύσαντες</em></span> 
     </span>
     <span class='ocr_line' id='line_1_18' title="bbox 339 2030 1567 2116; baseline 0.005 -22"><span class='ocrx_word' id='word_1_156' title='bbox 339 2030 478 2114; x_wconf 78' lang='grc' dir='ltr'><em>βεβαίως</em></span> <span class='ocrx_word' id='word_1_157' title='bbox 510 2031 722 2114; x_wconf 79' lang='grc' dir='ltr'><em>ἐτιμωροῦντο</em></span> <span class='ocrx_word' id='word_1_158' title='bbox 754 2031 835 2113; x_wconf 79' lang='lat' dir='ltr'>(imo</span> <span class='ocrx_word' id='word_1_159' title='bbox 867 2033 1066 2114; x_wconf 84' lang='grc' dir='ltr'><em>τιμωροῖντο)</em></span> <span class='ocrx_word' id='word_1_160' title='bbox 1098 2032 1200 2116; x_wconf 83' lang='grc' dir='ltr'><em>ἄνδρα</em></span> <span class='ocrx_word' id='word_1_161' title='bbox 1223 2037 1281 2096; x_wconf 85' lang='lat' dir='ltr'>etc.</span> <span class='ocrx_word' id='word_1_162' title='bbox 1361 2035 1390 2095; x_wconf 86' lang='lat'><em>2.</em></span> <span class='ocrx_word' id='word_1_163' title='bbox 1421 2032 1466 2116; x_wconf 82' lang='grc' dir='ltr'><em>μὴ</em></span> <span class='ocrx_word' id='word_1_164' title='bbox 1500 2035 1567 2102; x_wconf 84' lang='grc' dir='ltr'><em>ἴσος</em></span> 
     </span>
     <span class='ocr_line' id='line_1_19' title="bbox 339 2118 1567 2206; baseline 0.002 -23"><span class='ocrx_word' id='word_1_165' title='bbox 339 2120 513 2203; x_wconf 85' lang='grc' dir='ltr'><em>βούλεσὺαι</em></span> <span class='ocrx_word' id='word_1_166' title='bbox 536 2118 612 2184; x_wconf 75' lang='grc' dir='ltr'><em>εἶναι</em></span> <span class='ocrx_word' id='word_1_167' title='bbox 636 2119 711 2205; x_wconf 87' lang='grc' dir='ltr'><em>[τοῖς</em></span> <span class='ocrx_word' id='word_1_168' title='bbox 725 2118 874 2203; x_wconf 83' lang='grc' dir='ltr'><em>παροῦσι]</em></span> <span class='ocrx_word' id='word_1_169' title='bbox 892 2120 1041 2185; x_wconf 81' lang='lat' dir='ltr'>Badham.</span> <span class='ocrx_word' id='word_1_170' title='bbox 1110 2123 1139 2185; x_wconf 98' lang='grc'><em>4.</em></span> <span class='ocrx_word' id='word_1_171' title='bbox 1163 2121 1217 2185; x_wconf 80' lang='grc' dir='ltr'><em>καὶ</em></span> <span class='ocrx_word' id='word_1_172' title='bbox 1239 2122 1325 2201; x_wconf 87' lang='lat' dir='ltr'>(fort.</span> <span class='ocrx_word' id='word_1_173' title='bbox 1349 2119 1446 2204; x_wconf 67' lang='lat' dir='ltr'>dela)</span> <span class='ocrx_word' id='word_1_174' title='bbox 1468 2121 1508 2206; x_wconf 80' lang='grc' dir='ltr'><em>ἦν</em></span> <span class='ocrx_word' id='word_1_175' title='bbox 1532 2122 1567 2185; x_wconf 86' lang='grc' dir='ltr'><em>δὲ</em></span> 
     </span>
     <span class='ocr_line' id='line_1_20' title="bbox 343 2209 1566 2294; baseline 0.002 -22"><span class='ocrx_word' id='word_1_176' title='bbox 343 2209 453 2280; x_wconf 87' lang='grc' dir='ltr'><em>οὑτως.</em></span> <span class='ocrx_word' id='word_1_177' title='bbox 522 2209 551 2271; x_wconf 88' lang='grc'><em>6.</em></span> <span class='ocrx_word' id='word_1_178' title='bbox 585 2209 689 2280; x_wconf 88' lang='grc' dir='ltr'><em>δείσας</em></span> <span class='ocrx_word' id='word_1_179' title='bbox 720 2209 790 2273; x_wconf 91' lang='grc' dir='ltr'><em>κατ’</em></span> <span class='ocrx_word' id='word_1_180' title='bbox 818 2210 992 2293; x_wconf 82' lang='grc' dir='ltr'><em>ἐνὺύμηοίν</em></span> <span class='ocrx_word' id='word_1_181' title='bbox 1023 2234 1089 2274; x_wconf 87' lang='grc' dir='ltr'><em>τινα</em></span> <span class='ocrx_word' id='word_1_182' title='bbox 1122 2209 1169 2274; x_wconf 90' lang='grc' dir='ltr'><em>ὅτι</em></span> <span class='ocrx_word' id='word_1_183' title='bbox 1201 2211 1305 2282; x_wconf 81' lang='grc' dir='ltr'><em>οὐδείς</em></span> <span class='ocrx_word' id='word_1_184' title='bbox 1331 2235 1384 2277; x_wconf 88' lang='grc' dir='ltr'><em>πω</em></span> <span class='ocrx_word' id='word_1_185' title='bbox 1412 2217 1476 2276; x_wconf 85' lang='grc' dir='ltr'><em>τῶν</em></span> <span class='ocrx_word' id='word_1_186' title='bbox 1502 2211 1566 2294; x_wconf 86' lang='grc' dir='ltr'><em>πρὸ</em></span> 
     </span>
     <span class='ocr_line' id='line_1_21' title="bbox 342 2298 1567 2385; baseline 0.002 -24"><span class='ocrx_word' id='word_1_187' title='bbox 342 2300 456 2362; x_wconf 82' lang='grc' dir='ltr'><em>ἑαυτοῦ</em></span> <span class='ocrx_word' id='word_1_188' title='bbox 480 2298 623 2381; x_wconf 80' lang='grc' dir='ltr'><em>ἀγγέλων</em></span> <span class='ocrx_word' id='word_1_189' title='bbox 645 2299 738 2363; x_wconf 90' lang='grc' dir='ltr'><em>πάλιν</em></span> <span class='ocrx_word' id='word_1_190' title='bbox 761 2299 905 2382; x_wconf 82' lang='grc' dir='ltr'><em>ἄφίκετο,</em></span> <span class='ocrx_word' id='word_1_191' title='bbox 934 2299 988 2363; x_wconf 83' lang='grc' dir='ltr'><em>καὶ</em></span> <span class='ocrx_word' id='word_1_192' title='bbox 1010 2300 1312 2384; x_wconf 88' lang='grc' dir='ltr'><em>παραποιησάμενος</em></span> <span class='ocrx_word' id='word_1_193' title='bbox 1334 2301 1504 2385; x_wconf 79' lang='grc' dir='ltr'><em>σφραγῖδα,</em></span> <span class='ocrx_word' id='word_1_194' title='bbox 1527 2303 1567 2384; x_wconf 80' lang='grc' dir='ltr'><em>ἣν</em></span> 
     </span>
     <span class='ocr_line' id='line_1_22' title="bbox 341 2388 1566 2474; baseline 0.002 -22"><span class='ocrx_word' id='word_1_195' title='bbox 341 2389 471 2471; x_wconf 79' lang='grc' dir='ltr'><em>ιγευοδῇ</em></span> <span class='ocrx_word' id='word_1_196' title='bbox 494 2391 549 2472; x_wconf 80' lang='grc' dir='ltr'><em>τῆς</em></span> <span class='ocrx_word' id='word_1_197' title='bbox 573 2388 682 2472; x_wconf 80' lang='grc' dir='ltr'><em>δόξης,</em></span> <span class='ocrx_word' id='word_1_198' title='bbox 705 2389 889 2472; x_wconf 80' lang='grc' dir='ltr'><em>ὑπονοήσας</em></span> <span class='ocrx_word' id='word_1_199' title='bbox 911 2389 1053 2454; x_wconf 81' lang='grc' dir='ltr'><em>τοιοῦτόν</em></span> <span class='ocrx_word' id='word_1_200' title='bbox 1075 2414 1102 2452; x_wconf 93' lang='grc' dir='ltr'><em>τι</em></span> <span class='ocrx_word' id='word_1_201' title='bbox 1121 2391 1393 2473; x_wconf 85' lang='grc' dir='ltr'><em>προοεπεοτάλὺαι</em></span> <span class='ocrx_word' id='word_1_202' title='bbox 1416 2394 1436 2474; x_wconf 86' lang='grc' dir='ltr'><em>ἢ</em></span> <span class='ocrx_word' id='word_1_203' title='bbox 1460 2391 1566 2455; x_wconf 82' lang='grc' dir='ltr'><em>κάκεῖ-</em></span> 
     </span>
     <span class='ocr_line' id='line_1_23' title="bbox 340 2475 1569 2565; baseline 0.004 -25"><span class='ocrx_word' id='word_1_204' title='bbox 340 2477 396 2548; x_wconf 88' lang='grc' dir='ltr'><em>νός</em></span> <span class='ocrx_word' id='word_1_205' title='bbox 418 2501 444 2540; x_wconf 90' lang='grc' dir='ltr'><em>τι</em></span> <span class='ocrx_word' id='word_1_206' title='bbox 466 2478 668 2562; x_wconf 83' lang='grc' dir='ltr'><em>μεταγράψαι</em></span> <span class='ocrx_word' id='word_1_207' title='bbox 699 2478 823 2562; x_wconf 82' lang='grc' dir='ltr'><em>αι’τήοη,</em></span> <span class='ocrx_word' id='word_1_208' title='bbox 854 2478 919 2542; x_wconf 91' lang='grc' dir='ltr'><em>λύει</em></span> <span class='ocrx_word' id='word_1_209' title='bbox 947 2477 1002 2550; x_wconf 86' lang='grc' dir='ltr'><em>τὰς</em></span> <span class='ocrx_word' id='word_1_210' title='bbox 1029 2479 1192 2550; x_wconf 85' lang='grc' dir='ltr'><em>ἐπιστολὰς</em></span> <span class='ocrx_word' id='word_1_211' title='bbox 1220 2481 1254 2544; x_wconf 86' lang='grc' dir='ltr'><em>ἐν</em></span> <span class='ocrx_word' id='word_1_212' title='bbox 1281 2480 1331 2551; x_wconf 84' lang='grc' dir='ltr'><em>αἷς</em></span> <span class='ocrx_word' id='word_1_213' title='bbox 1358 2475 1455 2545; x_wconf 87' lang='grc' dir='ltr'><em>αὑτὸν</em></span> <span class='ocrx_word' id='word_1_214' title='bbox 1478 2477 1569 2565; x_wconf 85' lang='grc' dir='ltr'><em>εὗρεν</em></span> 
     </span>
     <span class='ocr_line' id='line_1_24' title="bbox 341 2567 1569 2653; baseline 0.003 -23"><span class='ocrx_word' id='word_1_215' title='bbox 341 2567 598 2650; x_wconf 79' lang='grc' dir='ltr'><em>ἐγγεγραμμένον</em></span> <span class='ocrx_word' id='word_1_216' title='bbox 629 2568 755 2632; x_wconf 86' lang='grc' dir='ltr'><em>κτείνειν</em></span> <span class='ocrx_word' id='word_1_217' title='bbox 782 2567 935 2632; x_wconf 85' lang='lat' dir='ltr'>Badham.</span> <span class='ocrx_word' id='word_1_218' title='bbox 1002 2569 1185 2652; x_wconf 80' lang='grc' dir='ltr'><em>ὑπονοήσας</em></span> <span class='ocrx_word' id='word_1_219' title='bbox 1212 2593 1239 2633; x_wconf 88' lang='grc' dir='ltr'><em>τι</em></span> <span class='ocrx_word' id='word_1_220' title='bbox 1265 2575 1388 2635; x_wconf 84' lang='grc' dir='ltr'><em>τοιοῦτο</em></span> <span class='ocrx_word' id='word_1_221' title='bbox 1417 2571 1569 2653; x_wconf 83' lang='grc' dir='ltr'><em>(τοιοῦτον</em></span> 
     </span>
     <span class='ocr_line' id='line_1_25' title="bbox 342 2655 1537 2739; baseline 0.005 -21"><span class='ocrx_word' id='word_1_222' title='bbox 342 2662 428 2721; x_wconf 85' lang='lat' dir='ltr'>reete</span> <span class='ocrx_word' id='word_1_223' title='bbox 451 2656 484 2719; x_wconf 83' lang='lat' dir='ltr'><em>O.</em></span> <span class='ocrx_word' id='word_1_224' title='bbox 509 2656 556 2739; x_wconf 83' lang='lat' dir='ltr'><em>G.)</em></span> <span class='ocrx_word' id='word_1_225' title='bbox 580 2660 637 2722; x_wconf 85' lang='lat' dir='ltr'>etc.</span> <span class='ocrx_word' id='word_1_226' title='bbox 1536 2655 1537 2658; x_wconf 62' lang='grc'>’</span> 
     </span>
    </p>

    <p class='ocr_par' dir='ltr' id='par_1_8' title="bbox 340 2746 1569 3815">
     <span class='ocr_line' id='line_1_26' title="bbox 431 2746 1569 2832; baseline 0.004 -24"><span class='ocrx_word' id='word_1_227' title='bbox 431 2746 454 2810; x_wconf 91' lang='grc' dir='ltr'><em>Ι.</em></span> <span class='ocrx_word' id='word_1_228' title='bbox 481 2746 553 2810; x_wconf 88' lang='grc'><em>133.</em></span> <span class='ocrx_word' id='word_1_229' title='bbox 584 2747 652 2811; x_wconf 90' lang='grc' dir='ltr'><em>τότε</em></span> <span class='ocrx_word' id='word_1_230' title='bbox 681 2746 732 2831; x_wconf 84' lang='grc' dir='ltr'><em>δὲ]</em></span> <span class='ocrx_word' id='word_1_231' title='bbox 765 2747 875 2810; x_wconf 81' lang='lat' dir='ltr'><strong>Malim</strong></span> <span class='ocrx_word' id='word_1_232' title='bbox 907 2747 975 2811; x_wconf 86' lang='grc' dir='ltr'><em>τότε</em></span> <span class='ocrx_word' id='word_1_233' title='bbox 1008 2747 1062 2832; x_wconf 79' lang='grc' dir='ltr'><em>δὴ,</em></span> <span class='ocrx_word' id='word_1_234' title='bbox 1095 2751 1132 2811; x_wconf 88' lang='lat' dir='ltr'><em>ut</em></span> <span class='ocrx_word' id='word_1_235' title='bbox 1158 2747 1194 2812; x_wconf 91' lang='lat' dir='ltr'><em>in</em></span> <span class='ocrx_word' id='word_1_236' title='bbox 1217 2749 1252 2812; x_wconf 94' lang='grc' dir='ltr'><em>Β.</em></span> <span class='ocrx_word' id='word_1_237' title='bbox 1277 2748 1309 2813; x_wconf 81' lang='lat' dir='ltr'><em>O.</em></span> <span class='ocrx_word' id='word_1_238' title='bbox 1334 2747 1369 2812; x_wconf 82' lang='lat' dir='ltr'><em>G.</em></span> <span class='ocrx_word' id='word_1_239' title='bbox 1442 2748 1510 2812; x_wconf 91' lang='grc' dir='ltr'><em>τότε</em></span> <span class='ocrx_word' id='word_1_240' title='bbox 1534 2749 1569 2812; x_wconf 81' lang='grc' dir='ltr'><em>δὲ</em></span> 
     </span>
     <span class='ocr_line' id='line_1_27' title="bbox 342 2834 1568 2922; baseline 0.002 -24"><span class='ocrx_word' id='word_1_241' title='bbox 342 2834 385 2918; x_wconf 78' lang='grc' dir='ltr'><em>[οἱ</em></span> <span class='ocrx_word' id='word_1_242' title='bbox 407 2835 550 2920; x_wconf 81' lang='grc' dir='ltr'><em>ἐιμοροι]Ι</em></span> <span class='ocrx_word' id='word_1_243' title='bbox 570 2836 728 2910; x_wconf 85' lang='grc' dir='ltr'><em>δείξαντος</em></span> <span class='ocrx_word' id='word_1_244' title='bbox 760 2837 856 2900; x_wconf 82' lang='grc' dir='ltr'><em>αὑτοῦ</em></span> <span class='ocrx_word' id='word_1_245' title='bbox 881 2874 922 2882; x_wconf 94' lang='grc'><strong>-</strong></span> <span class='ocrx_word' id='word_1_246' title='bbox 947 2837 1098 2921; x_wconf 88' lang='grc' dir='ltr'><em>καλύβην,</em></span> <span class='ocrx_word' id='word_1_247' title='bbox 1133 2838 1177 2922; x_wconf 81' lang='grc' dir='ltr'><em>[ἐς</em></span> <span class='ocrx_word' id='word_1_248' title='bbox 1203 2837 1255 2922; x_wconf 83' lang='grc' dir='ltr'><em>ἣν]</em></span> <span class='ocrx_word' id='word_1_249' title='bbox 1283 2842 1347 2901; x_wconf 85' lang='grc' dir='ltr'><em>τῶν</em></span> <span class='ocrx_word' id='word_1_250' title='bbox 1373 2862 1406 2901; x_wconf 92' lang='grc' dir='ltr'><em>τε</em></span> <span class='ocrx_word' id='word_1_251' title='bbox 1437 2838 1568 2920; x_wconf 83' lang='grc' dir='ltr'><em>ἐφόρων</em></span> 
     </span>
     <span class='ocr_line' id='line_1_28' title="bbox 341 2924 1567 3010; baseline 0.002 -23"><span class='ocrx_word' id='word_1_252' title='bbox 341 2924 428 2995; x_wconf 83' lang='grc' dir='ltr'><em>ἐντός</em></span> <span class='ocrx_word' id='word_1_253' title='bbox 459 2949 543 2995; x_wconf 91' lang='grc' dir='ltr'><em>τινας</em></span> <span class='ocrx_word' id='word_1_254' title='bbox 575 2927 721 3010; x_wconf 75' lang='grc' dir='ltr'><em>ἔκρυψαν</em></span> <span class='ocrx_word' id='word_1_255' title='bbox 748 2927 880 3010; x_wconf 82' lang='grc' dir='ltr'><em>(ἔκρυψε</em></span> <span class='ocrx_word' id='word_1_256' title='bbox 903 2926 1011 3009; x_wconf 82' lang='lat' dir='ltr'>vulgo)</span> <span class='ocrx_word' id='word_1_257' title='bbox 1035 2926 1187 2991; x_wconf 86' lang='lat' dir='ltr'>Badham.</span> <span class='ocrx_word' id='word_1_258' title='bbox 1228 2927 1321 2992; x_wconf 83' lang='lat' dir='ltr'>“Non</span> <span class='ocrx_word' id='word_1_259' title='bbox 1344 2926 1493 2991; x_wconf 84' lang='lat' dir='ltr'>videntur</span> <span class='ocrx_word' id='word_1_260' title='bbox 1519 2928 1567 2989; x_wconf 90' lang='lat' dir='ltr'><em>in·</em></span> 
     </span>
     <span class='ocr_line' id='line_1_29' title="bbox 342 3014 1567 3100; baseline -0.002 -20"><span class='ocrx_word' id='word_1_261' title='bbox 342 3014 504 3080; x_wconf 84' lang='lat' dir='ltr'>tellexisse</span> <span class='ocrx_word' id='word_1_262' title='bbox 527 3015 715 3099; x_wconf 82' lang='lat' dir='ltr'>interpretes</span> <span class='ocrx_word' id='word_1_263' title='bbox 739 3035 820 3099; x_wconf 90' lang='lat' dir='ltr'>quae</span> <span class='ocrx_word' id='word_1_264' title='bbox 843 3017 1008 3100; x_wconf 85' lang='lat' dir='ltr'>hueusque</span> <span class='ocrx_word' id='word_1_265' title='bbox 1030 3021 1158 3080; x_wconf 83' lang='lat' dir='ltr'>narrata</span> <span class='ocrx_word' id='word_1_266' title='bbox 1180 3022 1256 3081; x_wconf 86' lang='lat' dir='ltr'>sunt</span> <span class='ocrx_word' id='word_1_267' title='bbox 1269 3017 1402 3081; x_wconf 89' lang='lat' dir='ltr'>minime</span> <span class='ocrx_word' id='word_1_268' title='bbox 1424 3015 1567 3100; x_wconf 76' lang='lat' dir='ltr'>Ephorus</span> 
     </span>
     <span class='ocr_line' id='line_1_30' title="bbox 343 3103 1568 3190; baseline 0.002 -25"><span class='ocrx_word' id='word_1_269' title='bbox 343 3104 428 3168; x_wconf 83' lang='lat' dir='ltr'>solos</span> <span class='ocrx_word' id='word_1_270' title='bbox 451 3107 593 3187; x_wconf 82' lang='lat' dir='ltr'>spectare</span> <span class='ocrx_word' id='word_1_271' title='bbox 616 3105 672 3168; x_wconf 85' lang='lat' dir='ltr'><em>sed</em></span> <span class='ocrx_word' id='word_1_272' title='bbox 688 3103 861 3188; x_wconf 77' lang='lat' dir='ltr'>Spartiatae</span> <span class='ocrx_word' id='word_1_273' title='bbox 879 3106 1058 3170; x_wconf 84' lang='lat' dir='ltr'>Pausaniae</span> <span class='ocrx_word' id='word_1_274' title='bbox 1073 3107 1223 3172; x_wconf 86' lang='lat' dir='ltr'>infensos.</span> <span class='ocrx_word' id='word_1_275' title='bbox 1262 3105 1307 3169; x_wconf 90' lang='lat' dir='ltr'><em>Hi</em></span> <span class='ocrx_word' id='word_1_276' title='bbox 1324 3107 1423 3190; x_wconf 81' lang='lat' dir='ltr'>igitur</span> <span class='ocrx_word' id='word_1_277' title='bbox 1438 3107 1568 3170; x_wconf 77' lang='lat' dir='ltr'>[uerunt</span> 
     </span>
     <span class='ocr_line' id='line_1_31' title="bbox 346 3192 1568 3280; baseline 0.002 -24"><span class='ocrx_word' id='word_1_278' title='bbox 346 3194 401 3274; x_wconf 91' lang='lat' dir='ltr'><em>qui</em></span> <span class='ocrx_word' id='word_1_279' title='bbox 425 3192 560 3277; x_wconf 89' lang='lat' dir='ltr'>‘aliquot</span> <span class='ocrx_word' id='word_1_280' title='bbox 583 3212 624 3257; x_wconf 87' lang='lat' dir='ltr'><em>ex</em></span> <span class='ocrx_word' id='word_1_281' title='bbox 647 3193 797 3278; x_wconf 80' lang='lat' dir='ltr'>Ephoris&#39;</span> <span class='ocrx_word' id='word_1_282' title='bbox 820 3195 855 3257; x_wconf 92' lang='lat' dir='ltr'><em>in</em></span> <span class='ocrx_word' id='word_1_283' title='bbox 878 3196 1002 3259; x_wconf 84' lang='lat' dir='ltr'>occulto</span> <span class='ocrx_word' id='word_1_284' title='bbox 1025 3195 1221 3279; x_wconf 84' lang='lat' dir='ltr'>locaverunt,</span> <span class='ocrx_word' id='word_1_285' title='bbox 1243 3216 1309 3260; x_wconf 87' lang='lat' dir='ltr'><em>nen</em></span> <span class='ocrx_word' id='word_1_286' title='bbox 1332 3197 1479 3280; x_wconf 75' lang='lat' dir='ltr'>nuntiuS,</span> <span class='ocrx_word' id='word_1_287' title='bbox 1502 3215 1568 3259; x_wconf 88' lang='lat' dir='ltr'><em>non</em></span> 
     </span>
     <span class='ocr_line' id='line_1_32' title="bbox 342 3281 1568 3372; baseline 0.002 -27"><span class='ocrx_word' id='word_1_288' title='bbox 342 3281 463 3366; x_wconf 83' lang='lat' dir='ltr'>Ephori</span> <span class='ocrx_word' id='word_1_289' title='bbox 486 3281 577 3368; x_wconf 85' lang='lat' dir='ltr'>ipsi.&#39;&#39;</span> <span class='ocrx_word' id='word_1_290' title='bbox 601 3283 767 3372; x_wconf 83' lang='lat' dir='ltr'>(Badham)</span> <span class='ocrx_word' id='word_1_291' title='bbox 835 3286 1078 3369; x_wconf 88' lang='grc' dir='ltr'><em>σκηνηοαμένου</em></span> <span class='ocrx_word' id='word_1_292' title='bbox 1103 3286 1215 3369; x_wconf 82' lang='grc' dir='ltr'><em>διπλῆν</em></span> <span class='ocrx_word' id='word_1_293' title='bbox 1235 3286 1449 3370; x_wconf 81' lang='grc' dir='ltr'><em>διαφράγματι</em></span> <span class='ocrx_word' id='word_1_294' title='bbox 1471 3285 1568 3349; x_wconf 92' lang='grc' dir='ltr'><em>καλύ-</em></span> 
     </span>
     <span class='ocr_line' id='line_1_33' title="bbox 340 3372 1569 3459; baseline 0.001 -22"><span class='ocrx_word' id='word_1_295' title='bbox 340 3372 414 3457; x_wconf 89' lang='grc' dir='ltr'><em>βην]</em></span> <span class='ocrx_word' id='word_1_296' title='bbox 448 3374 687 3458; x_wconf 77' lang='grc' dir='ltr'><em>σκευασαμένου</em></span> <span class='ocrx_word' id='word_1_297' title='bbox 712 3412 754 3421; x_wconf 89' lang='grc'><strong>-</strong></span> <span class='ocrx_word' id='word_1_298' title='bbox 778 3373 915 3458; x_wconf 84' lang='lat' dir='ltr'>Madvig.</span> <span class='ocrx_word' id='word_1_299' title='bbox 998 3376 1030 3446; x_wconf 89' lang='grc' dir='ltr'><em>ἐς</em></span> <span class='ocrx_word' id='word_1_300' title='bbox 1061 3378 1102 3459; x_wconf 83' lang='grc' dir='ltr'><em>ἣν</em></span> <span class='ocrx_word' id='word_1_301' title='bbox 1132 3381 1197 3439; x_wconf 85' lang='grc' dir='ltr'><em>τῶν</em></span> <span class='ocrx_word' id='word_1_302' title='bbox 1228 3400 1261 3439; x_wconf 90' lang='grc' dir='ltr'><em>τε</em></span> <span class='ocrx_word' id='word_1_303' title='bbox 1293 3377 1406 3458; x_wconf 59' lang='lat' dir='ltr'>(deit)</span> <span class='ocrx_word' id='word_1_304' title='bbox 1438 3375 1569 3458; x_wconf 83' lang='grc' dir='ltr'><em>ἐφόρων</em></span> 
     </span>
     <span class='ocr_line' id='line_1_34' title="bbox 341 3463 1569 3548; baseline 0.002 -22"><span class='ocrx_word' id='word_1_305' title='bbox 341 3463 428 3534; x_wconf 88' lang='grc' dir='ltr'><em>ἐντός</em></span> <span class='ocrx_word' id='word_1_306' title='bbox 449 3487 534 3534; x_wconf 90' lang='grc' dir='ltr'><em>τινας</em></span> <span class='ocrx_word' id='word_1_307' title='bbox 557 3464 686 3547; x_wconf 83' lang='grc' dir='ltr'><em>ἔκρυψε.</em></span> <span class='ocrx_word' id='word_1_308' title='bbox 725 3463 767 3529; x_wconf 76' lang='lat' dir='ltr'><em>Et</em></span> <span class='ocrx_word' id='word_1_309' title='bbox 793 3466 840 3530; x_wconf 85' lang='lat' dir='ltr'><em>sic</em></span> <span class='ocrx_word' id='word_1_310' title='bbox 864 3463 1030 3548; x_wconf 83' lang='lat' dir='ltr'>Linwood,</span> <span class='ocrx_word' id='word_1_311' title='bbox 1058 3465 1126 3528; x_wconf 80' lang='lat' dir='ltr'>cell.</span> <span class='ocrx_word' id='word_1_312' title='bbox 1150 3464 1174 3527; x_wconf 94' lang='lat' dir='ltr'><em>I.</em></span> <span class='ocrx_word' id='word_1_313' title='bbox 1199 3466 1250 3529; x_wconf 82' lang='grc'><em>67.</em></span> <span class='ocrx_word' id='word_1_314' title='bbox 1275 3470 1331 3528; x_wconf 86' lang='lat' dir='ltr'>etc.</span> <span class='ocrx_word' id='word_1_315' title='bbox 1401 3465 1447 3535; x_wconf 87' lang='grc' dir='ltr'><em>ὡς</em></span> <span class='ocrx_word' id='word_1_316' title='bbox 1475 3463 1569 3528; x_wconf 81' lang='grc' dir='ltr'><em>οὐδὲν</em></span> 
     </span>
     <span class='ocr_line' id='line_1_35' title="bbox 341 3552 1568 3637; baseline 0.002 -23"><span class='ocrx_word' id='word_1_317' title='bbox 341 3553 471 3617; x_wconf 87' lang='grc' dir='ltr'><em>πώποτε</em></span> <span class='ocrx_word' id='word_1_318' title='bbox 503 3553 763 3637; x_wconf 79' lang='grc' dir='ltr'><em>(οὑδεπώποτεΡ)</em></span> <span class='ocrx_word' id='word_1_319' title='bbox 800 3553 896 3618; x_wconf 86' lang='grc' dir='ltr'><em>αὑτὸν</em></span> <span class='ocrx_word' id='word_1_320' title='bbox 925 3592 966 3600; x_wconf 94' lang='lat'>-</span> <span class='ocrx_word' id='word_1_321' title='bbox 994 3554 1217 3637; x_wconf 91' lang='grc' dir='ltr'><em>παραβάλοιτο.</em></span> <span class='ocrx_word' id='word_1_322' title='bbox 1307 3555 1456 3618; x_wconf 85' lang='grc' dir='ltr'><em>κάκείνου</em></span> <span class='ocrx_word' id='word_1_323' title='bbox 1489 3552 1568 3617; x_wconf 84' lang='grc' dir='ltr'><em>αὐτὰ</em></span> 
     </span>
     <span class='ocr_line' id='line_1_36' title="bbox 340 3641 1569 3727; baseline -0.001 -21"><span class='ocrx_word' id='word_1_324' title='bbox 340 3645 435 3706; x_wconf 85' lang='grc' dir='ltr'><em>ταῦτα</em></span> <span class='ocrx_word' id='word_1_325' title='bbox 460 3644 550 3723; x_wconf 83' lang='grc' dir='ltr'><em>(αὑτά</em></span> <span class='ocrx_word' id='word_1_326' title='bbox 572 3667 605 3706; x_wconf 91' lang='grc' dir='ltr'><em>τε</em></span> <span class='ocrx_word' id='word_1_327' title='bbox 626 3649 723 3707; x_wconf 88' lang='grc' dir='ltr'><em>ταὺτα</em></span> <span class='ocrx_word' id='word_1_328' title='bbox 747 3643 780 3706; x_wconf 80' lang='lat' dir='ltr'><em>O.</em></span> <span class='ocrx_word' id='word_1_329' title='bbox 805 3643 840 3706; x_wconf 82' lang='lat' dir='ltr'><em>G.</em></span> <span class='ocrx_word' id='word_1_330' title='bbox 873 3641 914 3706; x_wconf 90' lang='grc' dir='ltr'><em>αὑ</em></span> <span class='ocrx_word' id='word_1_331' title='bbox 941 3649 1036 3707; x_wconf 81' lang='grc' dir='ltr'><em>ταῦτα</em></span> <span class='ocrx_word' id='word_1_332' title='bbox 1065 3645 1145 3727; x_wconf 84' lang='lat' dir='ltr'>uonj.</span> <span class='ocrx_word' id='word_1_333' title='bbox 1169 3643 1331 3707; x_wconf 86' lang='lat' dir='ltr'>Linwood.</span> <span class='ocrx_word' id='word_1_334' title='bbox 1355 3641 1395 3707; x_wconf 90' lang='grc' dir='ltr'><em>αὑ</em></span> <span class='ocrx_word' id='word_1_335' title='bbox 1418 3643 1514 3708; x_wconf 87' lang='grc' dir='ltr'><em>ταὺτά</em></span> <span class='ocrx_word' id='word_1_336' title='bbox 1537 3666 1569 3705; x_wconf 91' lang='grc' dir='ltr'><em>τε</em></span> 
     </span>
     <span class='ocr_line' id='line_1_37' title="bbox 340 3732 1058 3815; baseline 0.001 -20"><span class='ocrx_word' id='word_1_337' title='bbox 340 3734 410 3814; x_wconf 86' lang='lat' dir='ltr'>jure</span> <span class='ocrx_word' id='word_1_338' title='bbox 434 3732 523 3795; x_wconf 89' lang='lat' dir='ltr'>malit</span> <span class='ocrx_word' id='word_1_339' title='bbox 545 3732 655 3814; x_wconf 75' lang='lat' dir='ltr'>Beki.)</span> <span class='ocrx_word' id='word_1_340' title='bbox 687 3733 978 3815; x_wconf 84' lang='grc' dir='ltr'><em>ξυνομολογοῦντος</em></span> <span class='ocrx_word' id='word_1_341' title='bbox 1001 3738 1058 3798; x_wconf 83' lang='lat' dir='ltr'>ete.</span> 
     </span>
    </p>

    <p class='ocr_par' dir='ltr' id='par_1_9' title="bbox 340 3821 1646 4620">
     <span class='ocr_line' id='line_1_38' title="bbox 430 3821 1566 3906; baseline -0.001 -20"><span class='ocrx_word' id='word_1_342' title='bbox 430 3822 454 3886; x_wconf 97' lang='grc' dir='ltr'><em>Ι.</em></span> <span class='ocrx_word' id='word_1_343' title='bbox 480 3822 552 3884; x_wconf 89' lang='grc'><em>134.</em></span> <span class='ocrx_word' id='word_1_344' title='bbox 577 3823 606 3884; x_wconf 91' lang='grc'><em>3.</em></span> <span class='ocrx_word' id='word_1_345' title='bbox 630 3821 820 3906; x_wconf 79' lang='grc' dir='ltr'><em>ἀποψύχειν]</em></span> <span class='ocrx_word' id='word_1_346' title='bbox 847 3822 1025 3906; x_wconf 82' lang='grc' dir='ltr'><em>δποιμυχεῖν</em></span> <span class='ocrx_word' id='word_1_347' title='bbox 1047 3822 1155 3886; x_wconf 84' lang='lat' dir='ltr'><strong>Elmsl.</strong></span> <span class='ocrx_word' id='word_1_348' title='bbox 1178 3842 1209 3885; x_wconf 89' lang='lat' dir='ltr'><em>n.</em></span> <span class='ocrx_word' id='word_1_349' title='bbox 1233 3841 1289 3884; x_wconf 78' lang='lat' dir='ltr'><em>ma.</em></span> <span class='ocrx_word' id='word_1_350' title='bbox 1315 3823 1413 3887; x_wconf 78' lang='lat' dir='ltr'>etsie</span> <span class='ocrx_word' id='word_1_351' title='bbox 1437 3821 1469 3886; x_wconf 82' lang='lat' dir='ltr'><em>O.</em></span> <span class='ocrx_word' id='word_1_352' title='bbox 1508 3822 1566 3899; x_wconf 81' lang='lat' dir='ltr'><em>Qu.</em></span> 
     </span>
     <span class='ocr_line' id='line_1_39' title="bbox 341 3911 1646 3996; baseline 0.002 -22"><span class='ocrx_word' id='word_1_353' title='bbox 341 3911 570 3994; x_wconf 77' lang='grc' dir='ltr'><em>δποηιυχῆναιΡ</em></span> <span class='ocrx_word' id='word_1_354' title='bbox 638 3912 827 3994; x_wconf 87' lang='grc' dir='ltr'><em>αίοὺύμενοί</em></span> <span class='ocrx_word' id='word_1_355' title='bbox 851 3935 883 3976; x_wconf 91' lang='grc' dir='ltr'><em>τε</em></span> <span class='ocrx_word' id='word_1_356' title='bbox 906 3911 1084 3996; x_wconf 84' lang='grc' dir='ltr'><em>ἐξάγουσιν]</em></span> <span class='ocrx_word' id='word_1_357' title='bbox 1112 3935 1144 3976; x_wconf 91' lang='grc' dir='ltr'><em>τε</em></span> <span class='ocrx_word' id='word_1_358' title='bbox 1172 3931 1232 3975; x_wconf 89' lang='lat' dir='ltr'><em>em.</em></span> <span class='ocrx_word' id='word_1_359' title='bbox 1257 3911 1293 3975; x_wconf 82' lang='lat' dir='ltr'><em>G.</em></span> <span class='ocrx_word' id='word_1_360' title='bbox 1333 3912 1391 3989; x_wconf 81' lang='lat' dir='ltr'><em>Qu.</em></span> <span class='ocrx_word' id='word_1_361' title='bbox 1415 3912 1566 3996; x_wconf 85' lang='grc' dir='ltr'><em>αιόδόμε-</em></span> <span class='ocrx_word' id='word_1_362' title='bbox 1642 3929 1646 3936; x_wconf 87' lang='grc'><strong>’</strong></span> 
     </span>
     <span class='ocr_line' id='line_1_40' title="bbox 341 3997 1569 4086; baseline 0 -22"><span class='ocrx_word' id='word_1_363' title='bbox 341 4025 389 4065; x_wconf 91' lang='grc' dir='ltr'><em>νοι</em></span> <span class='ocrx_word' id='word_1_364' title='bbox 413 4000 447 4064; x_wconf 87' lang='grc' dir='ltr'><em>ολ</em></span> <span class='ocrx_word' id='word_1_365' title='bbox 466 4002 639 4083; x_wconf 85' lang='grc' dir='ltr'><em>ἐξάγουσιν.</em></span> <span class='ocrx_word' id='word_1_366' title='bbox 707 4002 882 4086; x_wconf 86' lang='grc' dir='ltr'><em>ἐμέλλησαν</em></span> <span class='ocrx_word' id='word_1_367' title='bbox 903 4001 975 4086; x_wconf 85' lang='grc' dir='ltr'><em>μὲν]</em></span> <span class='ocrx_word' id='word_1_368' title='bbox 1000 4000 1058 4077; x_wconf 79' lang='lat' dir='ltr'><em>Qu.</em></span> <span class='ocrx_word' id='word_1_369' title='bbox 1082 4001 1212 4083; x_wconf 80' lang='grc' dir='ltr'><em>ἔμελλον</em></span> <span class='ocrx_word' id='word_1_370' title='bbox 1235 4001 1303 4083; x_wconf 81' lang='grc' dir='ltr'><em>μέν.</em></span> <span class='ocrx_word' id='word_1_371' title='bbox 1372 3997 1473 4084; x_wconf 84' lang='grc' dir='ltr'><em>οὗπερ</em></span> <span class='ocrx_word' id='word_1_372' title='bbox 1495 4001 1569 4072; x_wconf 84' lang='grc' dir='ltr'><em>τοὺς</em></span> 
     </span>
     <span class='ocr_line' id='line_1_41' title="bbox 340 4087 1607 4177; baseline -0.002 -23"><span class='ocrx_word' id='word_1_373' title='bbox 340 4091 557 4175; x_wconf 82' lang='grc' dir='ltr'><em>κακούργους,</em></span> <span class='ocrx_word' id='word_1_374' title='bbox 591 4092 755 4175; x_wconf 80' lang='grc' dir='ltr'><em>ἐμβάλλειν</em></span> <span class='ocrx_word' id='word_1_375' title='bbox 787 4093 945 4177; x_wconf 85' lang='grc' dir='ltr'><em>(ἐμβαλεῖν</em></span> <span class='ocrx_word' id='word_1_376' title='bbox 976 4097 1061 4157; x_wconf 81' lang='lat' dir='ltr'>reete</span> <span class='ocrx_word' id='word_1_377' title='bbox 1089 4090 1124 4154; x_wconf 81' lang='grc' dir='ltr'><em>Ε.</em></span> <span class='ocrx_word' id='word_1_378' title='bbox 1158 4090 1315 4155; x_wconf 84' lang='grc' dir='ltr'><em>εῑώὺεσαν</em></span> <span class='ocrx_word' id='word_1_379' title='bbox 1348 4090 1512 4175; x_wconf 87' lang='grc' dir='ltr'><em>ἐμβάλλειν</em></span> <span class='ocrx_word' id='word_1_380' title='bbox 1535 4089 1567 4150; x_wconf 84' lang='lat' dir='ltr'><em>F.</em></span> <span class='ocrx_word' id='word_1_381' title='bbox 1604 4087 1607 4092; x_wconf 75' lang='grc'><strong>’</strong></span> 
     </span>
     <span class='ocr_line' id='line_1_42' title="bbox 341 4177 1566 4266; baseline -0.007 -21"><span class='ocrx_word' id='word_1_382' title='bbox 341 4182 497 4246; x_wconf 84' lang='grc' dir='ltr'><em>είώὺεσαν</em></span> <span class='ocrx_word' id='word_1_383' title='bbox 525 4182 684 4266; x_wconf 85' lang='grc' dir='ltr'><em>ἐσβάλλειν</em></span> <span class='ocrx_word' id='word_1_384' title='bbox 708 4182 743 4246; x_wconf 75' lang='lat' dir='ltr'><em>G.</em></span> <span class='ocrx_word' id='word_1_385' title='bbox 768 4203 847 4247; x_wconf 79' lang='lat' dir='ltr'>corr.</span> <span class='ocrx_word' id='word_1_386' title='bbox 876 4182 1049 4266; x_wconf 85' lang='grc' dir='ltr'><em>ἐμβάλλειν,</em></span> <span class='ocrx_word' id='word_1_387' title='bbox 1078 4180 1148 4244; x_wconf 89' lang='lat' dir='ltr'>add.</span> <span class='ocrx_word' id='word_1_388' title='bbox 1171 4200 1239 4264; x_wconf 88' lang='lat' dir='ltr'>sup.</span> <span class='ocrx_word' id='word_1_389' title='bbox 1263 4201 1291 4243; x_wconf 86' lang='lat' dir='ltr'><em>v.</em></span> <span class='ocrx_word' id='word_1_390' title='bbox 1320 4180 1487 4243; x_wconf 84' lang='grc' dir='ltr'><em>είιύὺειοαν</em></span> <span class='ocrx_word' id='word_1_391' title='bbox 1510 4177 1566 4258; x_wconf 88' lang='lat' dir='ltr'><strong>B.).</strong></span> 
     </span>
     <span class='ocr_line' id='line_1_43' title="bbox 340 4268 1566 4356; baseline -0.005 -22"><span class='ocrx_word' id='word_1_392' title='bbox 340 4269 551 4336; x_wconf 77' lang='lat' dir='ltr'>scribendum</span> <span class='ocrx_word' id='word_1_393' title='bbox 578 4273 705 4338; x_wconf 87' lang='lat' dir='ltr'>videtur</span> <span class='ocrx_word' id='word_1_394' title='bbox 736 4269 836 4356; x_wconf 85' lang='grc' dir='ltr'><em>οὗπερ</em></span> <span class='ocrx_word' id='word_1_395' title='bbox 863 4275 930 4354; x_wconf 85' lang='lat' dir='ltr'>(aut</span> <span class='ocrx_word' id='word_1_396' title='bbox 952 4271 1054 4354; x_wconf 82' lang='grc' dir='ltr'><em>οἷπερ)</em></span> <span class='ocrx_word' id='word_1_397' title='bbox 1081 4269 1154 4340; x_wconf 81' lang='grc' dir='ltr'><em>τοὺς</em></span> <span class='ocrx_word' id='word_1_398' title='bbox 1176 4268 1380 4351; x_wconf 87' lang='grc' dir='ltr'><em>κακούργους</em></span> <span class='ocrx_word' id='word_1_399' title='bbox 1402 4268 1566 4338; x_wconf 80' lang='grc' dir='ltr'><em>είώὺεσαν,</em></span> 
     </span>
     <span class='ocr_line' id='line_1_44' title="bbox 341 4361 495 4426; baseline 0.006 -3"><span class='ocrx_word' id='word_1_400' title='bbox 341 4361 357 4423; x_wconf 86' lang='grc' dir='ltr'><em>ἐ</em></span> <span class='ocrx_word' id='word_1_401' title='bbox 403 4363 495 4426; x_wconf 87' lang='grc' dir='ltr'><em>αλεῒν.</em></span> 
     </span>
     <span class='ocr_line' id='line_1_45' title="bbox 356 4363 1566 4536; baseline -0.007 -20"><span class='ocrx_word' id='word_1_402' title='bbox 356 4363 403 4445; x_wconf 66' lang='grc' dir='ltr'><em>μβ</em></span> <span class='ocrx_word' id='word_1_403' title='bbox 430 4452 577 4516; x_wconf 75' lang='lat' dir='ltr'>itaut.</span> <span class='ocrx_word' id='word_1_404' title='bbox 602 4452 816 4536; x_wconf 82' lang='grc' dir='ltr'><em>ἀπέχὺεσὺαι]</em></span> <span class='ocrx_word' id='word_1_405' title='bbox 840 4454 893 4515; x_wconf 86' lang='lat' dir='ltr'><em>An</em></span> <span class='ocrx_word' id='word_1_406' title='bbox 912 4451 1132 4534; x_wconf 75' lang='grc' dir='ltr'><em>ἐπάχὺεσδαιλ</em></span> <span class='ocrx_word' id='word_1_407' title='bbox 1157 4447 1193 4508; x_wconf 89' lang='lat' dir='ltr'><em>V.</em></span> <span class='ocrx_word' id='word_1_408' title='bbox 1211 4446 1319 4509; x_wconf 82' lang='lat' dir='ltr'><strong>Elmsl.</strong></span> <span class='ocrx_word' id='word_1_409' title='bbox 1336 4445 1375 4507; x_wconf 87' lang='lat' dir='ltr'><em>ud</em></span> <span class='ocrx_word' id='word_1_410' title='bbox 1394 4445 1475 4509; x_wconf 90' lang='lat' dir='ltr'>Med.</span> <span class='ocrx_word' id='word_1_411' title='bbox 1492 4446 1566 4508; x_wconf 82' lang='lat'>285.</span> 
     </span>
     <span class='ocr_line' id='line_1_46' title="bbox 340 4533 1566 4620; baseline -0.006 -17"><span class='ocrx_word' id='word_1_412' title='bbox 340 4540 469 4606; x_wconf 78' lang='lat' dir='ltr'>Theoer.</span> <span class='ocrx_word' id='word_1_413' title='bbox 492 4541 564 4607; x_wconf 86' lang='lat' dir='ltr'><strong>VII.</strong></span> <span class='ocrx_word' id='word_1_414' title='bbox 588 4545 640 4607; x_wconf 87' lang='grc'><em>45.</em></span> <span class='ocrx_word' id='word_1_415' title='bbox 732 4545 761 4606; x_wconf 89' lang='grc'><em>2.</em></span> <span class='ocrx_word' id='word_1_416' title='bbox 788 4542 978 4617; x_wconf 82' lang='grc' dir='ltr'><em>καὺίζεσὺαι</em></span> <span class='ocrx_word' id='word_1_417' title='bbox 1010 4537 1257 4620; x_wconf 73' lang='grc' dir='ltr'><em>(καὺέζεοὺαιλ)</em></span> <span class='ocrx_word' id='word_1_418' title='bbox 1290 4534 1340 4597; x_wconf 87' lang='grc' dir='ltr'><em>ἐπί</em></span> <span class='ocrx_word' id='word_1_419' title='bbox 1371 4533 1428 4618; x_wconf 83' lang='grc' dir='ltr'><em>τὴν</em></span> <span class='ocrx_word' id='word_1_420' title='bbox 1456 4535 1566 4598; x_wconf 80' lang='grc' dir='ltr'><em>ἑστίαν.</em></span> 
     </span>
    </p>
   </div>
   <div class='ocr_carea' id='block_1_4' title="bbox 588 4868 1777 5310">
    <p class='ocr_par' dir='ltr' id='par_1_10' title="bbox 526 4868 1777 5310">
     <span class='ocr_line' id='line_1_47' title="bbox 588 4868 1777 5310; baseline 0.002 -0.901"><span class='ocrx_word' id='word_1_421' title='bbox 588 4940 744 5310; x_wconf 71' lang='lat' dir='ltr'>J</span> <span class='ocrx_word' id='word_1_422' title='bbox 930 4868 1373 5310; x_wconf 70' lang='grc' dir='ltr'><em>Ῑι.</em></span> <span class='ocrx_word' id='word_1_423' title='bbox 1768 4907 1777 4940; x_wconf 60' lang='lat'>‘</span> 
     </span>
    </p>
   </div>
   <div class='ocr_carea' id='block_1_5' title="bbox 0 0 1792 5340">
    <p class='ocr_par' dir='ltr' id='par_1_11' title="bbox 0 0 1792 5340">
     <span class='ocr_line' id='line_1_48' title="bbox 0 0 1792 5340; baseline 0 0"><span class='ocrx_word' id='word_1_424' title='bbox 0 0 1792 5340; x_wconf 95' lang='lat' dir='ltr'><em> </em></span> 
     </span>
    </p>
   </div>
  </div>
 </body>
</html>
