3576 5340
367 421 408 483 30
868 443 870 448 ·
887 436 1073 482 τεαστοτοιτε

455 598 513 662 ΙΠ.
538 599 588 662 58.
613 600 642 660 2.
666 597 719 660 καὶ
742 603 848 679 χεῖρας
871 598 1123 679 προϊσχομένους
1148 595 1178 679 [ό
1202 596 1237 660 δὲ
1264 596 1364 678 νόμος
1386 603 1450 668 τοῖς
1466 596 1594 681 Ἕλλησι

366 688 411 770 μὴ
436 690 562 751 κτείνειν
585 686 726 770 τούτους]
751 687 858 751 Cobet.
933 689 960 750 3.
986 689 1042 756 οθς
1065 685 1288 756 ἀποθανόντας
1312 722 1354 732 -
1379 687 1534 769 ἐτιμῶμεν
1550 725 1593 733 -

368 777 505 860 δημοσίᾳ
534 777 694 860 ἐσθήμασί
713 801 745 840 τε
768 777 843 858 (imo
867 776 1050 858 κτερίσμασί
1070 775 1112 856 τε]
1140 775 1193 838 καί
1220 781 1284 846 τοῖς
1307 775 1411 846 ἄλλοις
1438 777 1594 859 νομίμοις.

368 866 412 930 Of.
445 866 519 929 Eur.
552 865 630 930 Hee.
661 866 732 930 576.
828 861 1001 951 ἐσθήμασι]
1040 865 1200 946 ἑστιάμασι
1236 865 1413 928 Blomfield.
1446 866 1595 948 ἐδέσμασι

367 954 504 1039 Madvig.
572 955 654 1038 πρὸς
687 955 721 1018 δὲ
753 955 806 1018 καί
839 962 897 1037 γῆν
920 993 963 1001 -
988 954 1162 1018 δουλῶσετε
1189 954 1256 1035 ἱερά
1283 978 1315 1018 τε
1342 955 1430 1018 θεῶν
1455 992 1496 1001 -
1520 957 1593 1038 ἔρη-

367 1052 465 1128 μοῦτε
493 1047 568 1126 (ime
593 1044 792 1128 ἔρημῶσετε).
883 1046 912 1107 4.
936 1045 1050 1114 θυσίας
1074 1043 1129 1114 τὰς
1151 1044 1301 1126 πατρίους
1323 1049 1388 1107 τῶν
1411 1045 1595 1126 ἑσσαμένων

368 1136 562 1217 (ἑσσαμένων
585 1135 617 1198 F.
643 1135 818 1216 εἴσαμένιυν
833 1133 868 1196 Ε.
894 1153 945 1215 qu,
969 1133 1139 1215 ῖσαμένων)
1163 1133 1216 1196 καί
1238 1135 1436 1214 κτισαμένων
1457 1135 1594 1217 ἀφαιρή-

367 1225 470 1288 σεσθε.
511 1225 557 1288 Of.
582 1224 620 1287 ad
644 1222 699 1286 VI.
725 1224 775 1286 66.
799 1222 887 1288 VIII.
912 1225 962 1286 82.

455 1331 513 1394 ΙΙΙ.
539 1332 588 1394 59.
615 1332 642 1393 1.
680 1330 776 1412 οἴκτῳ
813 1331 958 1412 σώφρονι
994 1329 1162 1413 λαβόντας]
1200 1329 1284 1413 Lege
1321 1331 1417 1413 οἴκτῳ
1450 1332 1595 1413 σώφρονι

368 1421 515 1490 ἐνδόντας
539 1425 595 1484 aut
617 1421 766 1490 εἴκοντας.
834 1421 880 1490 ῶς
912 1419 1115 1502 ἀστάθμητον
1146 1419 1182 1482 τδ
1209 1426 1264 1502 τῆς
1292 1423 1460 1503 ξυμφορᾶς
1488 1419 1599 1503 ᾠτινί

368 1511 399 1592 (ὅ
420 1510 479 1573 τινί
499 1529 540 1573 ex
563 1528 628 1573 une
652 1509 760 1574 eediee
783 1506 980 1591 Denaldson‚
1008 1511 1028 1571 i.
1053 1529 1079 1572 e.
1108 1508 1208 1591 qued
1231 1511 1357 1573 cuivis
1380 1510 1442 1574 vel
1464 1511 1596 1574 imme-

368 1601 441 1662 rite
464 1599 587 1682 possit
609 1598 799 1680 accidere)
821 1599 892 1662 ποτ’
916 1598 1030 1662 ἄνκαὶ
1054 1599 1174 1680 ἀναξίῳ
1197 1601 1359 1681 ξυμπέσοι.
1428 1598 1595 1682 ξυμπέσοι]

368 1690 499 1771 ἐμπέσοι
526 1688 679 1751 Badham.
771 1690 799 1750 2.
832 1689 928 1752 ἱκέται
961 1688 1135 1770 γιγνόμεθα
1172 1689 1266 1770 ὑμῶν
1302 1693 1366 1752 τῶν
1402 1689 1499 1771 (πρὸς
1530 1694 1596 1752 τῶν

369 1778 491 1859 00696.)
528 1779 688 1860 πατρῴων
724 1778 836 1860 τάφων
864 1782 921 1841 eie.
1004 1783 1068 1840 τῶν
1091 1778 1252 1860 πατρῴων
1274 1776 1398 1861 τάφων]
1425 1778 1509 1861 πρὸς
1530 1783 1596 1842 τῶν

369 1905 410 1913 -
435 1867 541 1931 Cobet.
564 1867 717 1931 Badham.
757 1866 815 1942 Qu.
842 1867 897 1930 καί
923 1872 987 1930 τῶν
1004 1905 1054 1928 -.
1112 1867 1228 1930 ’ἄλλων
1256 1874 1329 1933 ante
1353 1867 1514 1950 Ἑλλήνων
1543 1888 1596 1931 su-

367 1962 511 2042 spectum
534 1956 630 2020 hebet
651 1955 826 2021 Debraeus.
897 1963 1001 2020 πεῖσαι
1023 1956 1108 2040 τάδε]
1132 1955 1221 2021 Haeo
1245 1957 1329 2022 delet
1343 1956 1495 2021 Badham.
1535 1957 1595 2034 Qu.

368 2048 550 2130 πεισθῆναι,
574 2047 780 2128 χαρίσασθαι,
805 2050 860 2109 aut
875 2044 960 2119 εἶξαι.
1028 2046 1269 2128 προφερόμενοί
1281 2046 1342 2129 (θ’)
1358 2047 1477 2129 ὅρκους
1500 2047 1595 2111 idem.

411 2136 456 2218 μὴ
487 2134 692 2219 ἀμνημονεῖν]
720 2135 825 2198 Etiam
853 2136 931 2197 haee
961 2134 1059 2199 deleri
1082 2136 1174 2218 jubet
1200 2136 1351 2200 Badham.
1419 2136 1494 2207 τοὺς
1520 2161 1595 2200 κεκ-

367 2224 514 2308 μηῶτας]
548 2224 621 2295 τοὺς
652 2224 853 2307 κεκμηκότας
871 2223 917 2287 Ε.
960 2224 1048 2287 Alibi
1085 2225 1170 2308 apud
1202 2230 1347 2290 nestrum
1371 2231 1427 2290 est
1457 2225 1597 2296 τεθνεὼς

346 2316 445 2397 ,(ηοῐι
467 2311 651 2397 τεθνηκώς).

457 2422 514 2485 ΠΙ.
540 2423 590 2485 61.
614 2428 671 2486 νῦν
696 2422 730 2486 δὲ
745 2421 835 2505 πρὸς
856 2422 916 2505 μὲν
939 2421 975 2484 τὰ
999 2423 1029 2505 (1.
1053 2421 1089 2484 τὰ
1112 2422 1182 2506 μὲν]
1206 2423 1357 2487 ἀντειπεῖν
1382 2423 1434 2487 δεῖ.

446 2512 514 2575 ἸΙΠ.
540 2513 591 2576 63;
615 2514 644 2575 4.
676 2511 731 2582 τὰς
759 2513 872 2594 ὁμοίας
899 2513 1027 2595 χάριτας
1054 2512 1100 2595 μὴ
1125 2513 1315 2578 ἀντιδιδόναι
1338 2513 1597 2596 (ἀνταποδιδόναι

369 2601 489 2685 Hem,
514 2606 550 2665 ut
572 2603 607 2665 in
631 2603 650 2683 ἕ
675 2602 723 2684 6.).

457 2707 514 2772 ΙΠ.
527 2710 617 2773 6552.
640 2711 751 2793 μηκέτι
773 2711 894 2793 μᾶλλον
910 2710 1071 2794 γενέσθαι]
1097 2709 1155 2785 Qu.
1176 2712 1287 2794 μηκέτι
1302 2709 1425 2781 κακοὺς
1441 2712 1596 2793 γενέσθαι.

369 2802 487 2883 Aperte
510 2801 663 2864 vitiosum
680 2819 747 2864 esse
770 2801 892 2883 μᾶλλον
911 2800 1034 2883 judicat
1049 2799 1199 2862 Badham.
1267 2801 1325 2864 καί
1343 2807 1407 2864 τῶν
1426 2802 1596 2884 σωμάτων,

369 2890 439 2972 οὐχί
461 2895 525 2952 τῶν
549 2890 709 2972 σωμάτων
731 2889 883 2952 Badham.
923 2888 981 2964 Qu.
1005 2889 1058 2952 καὶ
1080 2894 1144 2952 τῶν
1168 2890 1355 2972 ξυμμάχων.

457 2978 514 3042 ΙΙΙ.
533 2979 583 3041 66.
603 2979 629 3040 l.
653 2980 731 3062 μήτε
754 2979 934 3060 νεωτερίσαι
957 2979 1159 3061 (νεωτερίσειν
1176 2979 1224 3060 G.)
1247 2981 1332 3062 ἔργῳ
1355 2980 1461 3062 λόγοις
1482 3005 1514 3044 τε
1529 2982 1595 3044 πεί-

369 3092 433 3131 σειν
457 3068 486 3148 (l.
510 3069 623 3147 πεῖσαι]
647 3069 728 3131 ὥστε
752 3069 896 3141 ἐξελθεῖν.
967 3070 995 3130 2.
1018 3069 1074 3150 τὴν
1097 3069 1168 3151 περὶ
1191 3068 1297 3132 αὐτῶν
1317 3071 1392 3152 ήμῖν
1407 3070 1453 3153 μὴ
1470 3072 1597 3135 κτείνενι

368 3158 563 3239 ῳευσθεῖσαν
586 3157 777 3241 θπόθεσινῗ]
796 3157 861 3239 ’τήν
883 3158 955 3240 περὶ
978 3158 1083 3222 αθτῶν
1106 3157 1125 3241 ἦ
1149 3158 1215 3241 μὴν
1236 3158 1282 3242 μή
1307 3166 1423 3223 κτενεῖν
1445 3162 1595 3242 ψευσθεῖ-

370 3270 429 3310 σαν
452 3247 620 3329 ὑπόσχεσιν
644 3246 794 3310 Badham.
1065 3243 1067 3249 ¹

458 3353 516 3416 ΠΙ.
542 3355 592 3417 67.
619 3355 646 3416 l.
669 3353 805 3425 παλαιὰς
828 3354 940 3438 ἀρετὰς
966 3361 1030 3426 τοῖς
1053 3356 1185 3438 αἰσχρόν
1206 3380 1239 3420 τε
1262 3356 1335 3437 (τιλ)
1361 3357 1462 3439 δρῶσι
1486 3357 1595 3421 διπλα-

370 3445 438 3515 σίας
461 3445 575 3527 ζημίας
607 3445 715 3526 (αἰτίας
748 3446 861 3528 ζημίας
884 3445 1033 3528 Madvig).
1102 3447 1137 3509 ἐκ
1169 3446 1411 3531 προσηκόντων]
1446 3446 1489 3510 Of.
1513 3447 1596 3511 Plut.

369 3533 433 3597 Vit.
450 3534 573 3597 Publio.
592 3535 641 3596 14.
664 3534 718 3604 τὰς
741 3534 832 3616 τιμὰς
860 3537 895 3598 ἐκ
918 3535 1149 3619 προσηκόντων
1172 3538 1251 3618 ἔσχε.
1322 3538 1350 3598 3.
1374 3537 1434 3600 οὐκ
1458 3538 1595 3606 ἀνταπο-

371 3624 476 3694 δόντες
499 3624 683 3704 (ἀντιδόντες
706 3623 824 3705 HerW.)
851 3631 907 3688 νῦν
938 3625 994 3708 τήν
1027 3627 1096 3708 ἴσην
1123 3627 1284 3707 τιμωρίαν.
1313 3627 1373 3689 οὐκ
1397 3628 1436 3690 ἂν
1459 3628 1595 3690 ἀνταπο-

372 3713 478 3783 δόντες
501 3752 544 3759 -
567 3713 733 3798 Linw00d‚
758 3734 856 3798 quum
880 3716 1061 3797 requiratur
1082 3715 1233 3778 futurum.

458 3820 514 3883 III.
540 3821 590 3883 68.
617 3821 644 3882 l.
668 3821 721 3885 καλ
749 3821 799 3885 ὅτε
826 3823 957 3904 ὕστερον
980 3824 1000 3884 ἃ
1023 3821 1088 3904 πρὸ
1114 3828 1171 3885 τοῦ
1199 3824 1457 3905 περιτειχίζεσθαι
1488 3825 1595 3907 προεί-

369 3921 463 3993 χοντο
488 3911 678 3992 (προέτεινον
705 3916 760 3975 aut
782 3911 978 3992 ὑπέτεινονλ]
1002 3913 1118 3994 αὐτοῖς,
1151 3911 1278 3982 κοινοὺς
1302 3913 1377 3976 εῖναι
1400 3912 1469 3976 κατ’
1494 3915 1595 3977 ἐκεῖνα

370 4001 417 4070 ῶς
440 4001 500 4063 οὐκ
524 3996 669 4075 ἐδέξαντο
693 4001 756 4084 (qu.
781 4001 908 4072 κοινοὺς
931 4000 1008 4064 εῖναι
1031 4001 1099 4064 κατ’
1116 4003 1249 4076 ἐκείνας,
1274 4003 1334 4065 οὐκ
1354 4003 1519 4085 ἐδέξαντο).
1543 4004 1597 4067 καὶ

370 4088 444 4173 [ὅτε]
468 4090 599 4171 ὕστερον
615 4092 634 4152 ἃ
652 4127 693 4135 -
710 4088 904 4154 Denaldson.
932 4091 986 4154 καλ
1009 4092 1055 4155 ὅτι
1077 4091 1208 4174 ὕστερον
1225 4129 1265 4137 -
1283 4091 1360 4155 εἶναι
1383 4093 1451 4155 κατ’
1475 4093 1596 4163 ἐκείνας

370 4182 424 4262 (ευ.
446 4179 502 4251 τὰς
525 4179 677 4262 σπονδὰς)
706 4181 765 4243 οὐκ
794 4180 940 4254 ἐδέξαντο
964 4181 1115 4245 Badham.
1183 4189 1221 4264 τῇ
1244 4183 1366 4245 ἑαυτῶν
1390 4182 1495 4265 δικαίᾳ
1517 4184 1595 4267 βου-

370 4268 471 4352 λήσει]
500 4276 537 4353 τῇ
561 4270 666 4333 αὐτῶν
695 4271 794 4351 οἰκείᾳ
821 4271 969 4352 βουλήσει
992 4270 1132 4335 Badham
1174 4269 1232 4346 Qu.
1255 4278 1292 4355 τῇ
1316 4273 1438 4334 ἑαυτῶν
1461 4273 1524 4354 ἴδίηι
1541 4309 1596 4334 -.

414 4356 599 4444 ἔκσπονδοι]
625 4358 682 4435 Qu.
707 4359 878 4423 ἔκσπονδοι
902 4361 995 4430 ὄντες.
1070 4363 1097 4423 2.
1122 4361 1442 4445 ξυνεπολιορκοῦντο]
1467 4365 1595 4436 ξυνεπε-

370 4449 580 4531 πολιόρκηντο
603 4450 738 4532 requirit
760 4448 864 4513 Herw.
949 4450 977 4512 3.
1005 4450 1075 4533 περὶ
1098 4449 1269 4513 Πλαταιῶν
1297 4452 1327 4513 οἴ
1349 4451 1597 4534 Λακεδαιμόνιοι

371 4539 473 4608 οὕτως
501 4539 770 4623 ἀποτετραμμενοι
797 4539 978 4623 (ἀτέραμνοι
1000 4538 1118 4622 Herw.)
1145 4541 1288 4622 ἐγένοντο
1316 4539 1468 4624 Θηβαίων
1496 4543 1596 4605 ἕνεκα.
