3576 5340
706 381 894 428 τασστσωιε
934 353 938 358 ’
1370 367 1412 430 36

185 542 321 613 ξυνεῖναι
351 541 432 623 conj.
455 540 623 624 Linwood,
654 542 712 624 qui
742 543 778 606 in
809 543 912 625 τούτῳ
942 543 1060 608 haeret.
1149 541 1319 631 κομίσωσι]
1353 543 1412 622 Qu.

185 629 356 712 νομίζουσι.

273 718 330 781 IV.
356 721 406 782 19.
430 721 459 782 2.
483 719 550 783 ἀλλ’
573 723 622 803 ἢν,
649 720 756 803 παρὸν
781 721 817 785 τὸ
844 721 923 785 αὐτὸ
947 721 1075 804 δράσαι,
1107 723 1190 806 πρὸς
1216 723 1252 787 τὸ
1280 724 1413 796 ἐπιεικὲς

185 808 240 871 καί
262 809 358 892 ἀρετῇ
380 808 478 872 αὐτὸν
500 810 645 892 (ἀρεστόν
666 810 787 894 aerei)
810 813 955 894 νικήσας,
977 811 1066 894 παρὰ
1089 814 1111 875 ἃ
1133 814 1220 895 (παρ’
1235 813 1290 894 67)
1311 837 1412 896 προσ-

185 897 310 980 ἐδέχετο
333 905 391 963 etc.
413 897 609 963 Donaldson
676 899 713 962 τά
745 899 851 984 πλέω]
874 899 958 985 Iege
980 901 1018 964 τά
1040 902 1147 966 πλείω.
1216 903 1312 986 ἀρειῇ
1334 903 1412 966 aero

185 987 329 1066 (αάτδνΡ)
352 989 490 1070 νικήσας.
568 991 597 1052 3.
620 989 760 1071 ὀφείλων
776 1027 817 1036 -
832 989 879 1072 po)
903 989 1138 1073 ἀπαμύνεσθαι
1161 991 1412 1074 (ἀνταμύνασθαι

185 1082 270 1140 reete
292 1075 340 1158 Β.)
363 1077 410 1148 ῶς
431 1078 589 1160 βιασθείς,
612 1079 679 1141 ἀλλ’
701 1079 936 1143 ἀνταποδοῦναι
958 1080 1080 1163 ἀρετήν.

273 1165 329 1228 IV.
353 1167 405 1229 20.
430 1170 458 1230 1.
481 1169 516 1230 έν
542 1165 574 1249 ᾧ
600 1168 724 1251 ἀνάγκη
749 1207 791 1214 -
814 1169 937 1252 έχθραν
960 1207 1002 1216 -
1025 1169 1080 1232 καί
1105 1169 1188 1233 ίδίαν
1211 1171 1292 1253 ἔχειν
1314 1172 1412 1254 (ἔχειν

184 1255 314 1338 ἡμᾶςλ).
383 1257 412 1318 3.
435 1256 571 1338 ἀσαφῶς
597 1257 763 1339 ὁποτέρων
789 1257 967 1343 ἀρξάντων]
996 1259 1055 1336 Qu.
1078 1259 1200 1342 ἀσαφὲς
1223 1261 1257 1341 (i.
1281 1280 1308 1324 e.
1331 1261 1410 1343 ἀδη-

183 1345 252 1424 λον)
275 1347 313 1407 ὂν
336 1384 392 1409 -.
459 1346 663 1417 καταλύσεως
686 1347 721 1411 δὲ
744 1348 931 1430 γιγνομένης
952 1349 1141 1432 (γενομένης
1155 1348 1272 1414 melius
1288 1348 1336 1431 C.)
1352 1355 1411 1414 etc.

229 1433 496 1517 Λακεδαιμονίοις
518 1437 635 1510 ἔξεστιν
657 1436 692 1517 (ί.
716 1437 845 1516 ἐξέστω)
868 1438 944 1519 ύμῖν
966 1437 1078 1519 φίλους
1105 1439 1252 1520 γενέσθαι
1273 1440 1413 1522 βεβαίως

185 1523 298 1606 (φίλοις
320 1525 467 1606 γενέσθαι
488 1527 674 1608 βεβαίοιςλ),
697 1527 803 1590 αὐτῶν
825 1549 858 1589 τε
876 1527 1167 1609 προκαλεσαμένων
1189 1530 1413 1611 χαρισαμένοις

183 1636 216 1676 τε
237 1613 359 1695 μᾶλλον
381 1617 401 1696 ἢ
424 1615 635 1697 βιασαμένοις.

271 1701 328 1765 IV.
345 1705 397 1766 21.
415 1705 442 1765 1.
466 1703 625 1788 ἀσμένως]
642 1704 800 1786 ἀσμένους
815 1704 922 1769 Cobet.
984 1703 1153 1788 δέξασθαι]
1169 1705 1238 1769 1ωο
1255 1706 1410 1780 ἀέξεσθαι.

230 1793 258 1856 3.
282 1791 364 1875 ἀνὴρ
388 1792 583 1875 δημαγωγὸς
607 1830 648 1839 -
672 1792 909 1877 πιθανώτατος]
941 1793 1031 1858 Haec
1061 1814 1119 1878 pro
1146 1795 1266 1859 scholio
1295 1797 1411 1879 mergi·

182 1881 262 1964 neti,
284 1883 383 1966 petite
405 1901 448 1945 ex
469 1882 527 1946 HI.
552 1883 593 1946 36
609 1884 643 1958 f..
666 1883 763 1948 habet
783 1882 890 1947 Herw.

272 1971 327 2034 IV.
352 1972 404 2033 22.
428 1973 457 2034 2.
488 1971 588 2042 πολὺς
619 1971 770 2056 ἀνέκειτο]
805 1972 850 2037 Cf.
878 1971 996 2036 Herod.
1024 1971 1097 2036 Vll.
1128 1974 1198 2036 158.
1231 1971 1344 2038 Γέλων
1376 1974 1411 2038 δὲ

183 2059 283 2131 πολὺς
315 2061 449 2124 ἐνέκειτο
480 2061 583 2143 λέγων
613 2062 727 2125 τοιάδε.
810 2062 910 2144 σαφές
942 2063 971 2125 δ’
999 2061 1076 2126 εἶναι
1109 2060 1185 2146 [καί]
1217 2069 1275 2126 νῦν
1303 2062 1411 2129 Cobet.

229 2151 258 2213 3.
280 2148 326 2233 μὴ
350 2151 383 2220 ές
406 2150 499 2233 (πρὸς
522 2150 640 2231 Cobet.)
662 2151 736 2222 τοὺς
759 2154 949 2234 ξυμμάχους
972 2152 1198 2234 διαβληθῶσιν.

271 2239 327 2303 IV.
344 2241 395 2303 23.
414 2240 441 2302 l.
464 2240 673 2324 ἀφικομένων
692 2240 728 2304 δέ
742 2242 849 2305 αὐτῶν
872 2241 1030 2306 διελύοντο
1054 2242 1227 2306 διελέλυντο
1243 2240 1363 2322 Cobet.)
1379 2243 1412 2305 ot

157 2329 326 2400 ,σπονδαί
365 2329 410 2392 Cf.
434 2329 491 2393 IV.
514 2333 566 2393 47.
599 2329 740 2394 έλέλυντό
771 2355 803 2393 τε
834 2332 868 2394 αἱ
898 2330 1034 2394 σπονδαί
1056 2336 1113 2395 etc.
1143 2335 1177 2395 et
1199 2331 1238 2394 ed
1262 2331 1334 2396 VII.
1359 2333 1410 2394 27.

228 2420 258 2482 2.
281 2418 335 2483 καὶ
349 2417 386 2481 τὰ
402 2419 474 2501 περὶ
488 2417 601 2482 Πύλον
618 2418 676 2503 -]
700 2417 821 2483 Eadem
844 2420 1038 2484 constructio
1054 2425 1103 2485 est
1120 2419 1161 2482 II.
1178 2422 1229 2483 53.
1245 2421 1284 2482 V.
1301 2419 1410 2484 Elmsl.

183 2508 222 2570 ad
245 2506 321 2572 Her.
345 2509 396 2571 40.

271 2597 327 2660 IV.
352 2599 403 2660 24.
429 2599 456 2660 l.
480 2599 511 2661 οῖ
534 2597 579 2682 [έν
601 2604 639 2681 τῇ
653 2597 796 2682 Σικελίᾳ]
819 2597 1015 2680 Συρακόσιοι
1031 2597 1137 2661 Herw.
1207 2600 1236 2660 2.
1259 2599 1408 2681 έσβεβλή-

183 2686 291 2771 κεσαν]
310 2686 379 2750 Imo
395 2687 650 2770 ε’σεβεβλήκεσαν.
718 2688 992 2770 χειρώσασθαι-
1010 2684 1187 2771 γίγνεσθαι]
1210 2686 1280 2750 Imo
1295 2690 1409 2771 χειρώ-

183 2777 295 2841 σεσθαι
312 2813 353 2822 -
370 2775 565 2859 γενήσεσθαι.
603 2776 650 2841 Ci.
673 2776 713 2840 ed
729 2776 785 2840 IV.
802 2777 830 2840 9.
847 2779 876 2840 4.
968 2779 996 2840 3.
1019 2776 1055 2840 τὸ
1073 2775 1197 2859 Ῥήγιον
1220 2777 1352 2859 ἤλπιζον
1367 2813 1410 2824 -

184 2867 399 2949 ἐφορμοῦντες
422 2865 543 2948 ῥᾳδίως
565 2865 783 2949 χειρώσασθαι
805 2867 1031 2949 (χειρώσεσθαι
1046 2871 1132 2931 recte
1147 2864 1182 2928 E.
1200 2865 1248 2948 G.)
1270 2865 1324 2929 καί
1346 2867 1409 2950 ἤδη

184 2960 277 3038 σφῶν
308 2953 422 3039 ἰσχυρά
454 2954 491 3018 τά
514 2956 684 3038 πράγματα
708 2956 867 3038 γίγνεσθαι
890 2955 924 3036 (Ι.
949 2955 1159 3038 γενήσεσθαι).
1226 2961 1290 3026 τοῖς
1312 2955 1411 3038 Ἀθη-

183 3046 282 3116 ναίοις
303 3045 351 3130 τε]
374 3069 407 3110 τε
430 3044 518 3109 deest
539 3044 574 3106 in
598 3045 764 3109 nonnullis
787 3044 877 3109 codd.
945 3046 1077 3109 καὶτοῦ
1100 3045 1255 3128 πορθμοῦ
1274 3044 1410 3130 κρατεῖν]

184 3132 242 3209 Qu.
265 3134 319 3198 καί
341 3135 428 3216 σφίσι
449 3139 505 3197 τοῦ
529 3171 585 3196 -.
811 3132 815 3138 ’

271 3221 327 3286 IV.
352 3225 449 3286 251.
473 3226 506 3294 ἐς
528 3223 565 3286 τὰ
590 3225 689 3287 οἰκεῖα
713 3224 907 3306 στρατόπεδα
932 3221 979 3307 [τό
1001 3248 1034 3287 τε
1061 3224 1095 3288 έν
1117 3230 1154 3307 τῇ
1177 3223 1333 3308 Μεσσήνῃ
1357 3223 1411 3288 καλ

183 3313 217 3377 έν
239 3319 286 3395 τῷ
304 3312 435 3397 Ῥηγίῳ]
459 3312 579 3394 Πέντε,
611 3313 680 3395 qui,
714 3312 940 3395 “Thucydides
968 3318 1053 3376 certe
1076 3313 1216 3377 dedisset
1241 3314 1295 3376 καί
1318 3313 1353 3377 τὸ
1377 3314 1411 3377 έν

181 3409 228 3485 τῷ
247 3401 392 3485 Ῥηγίῳ.”
461 3403 489 3464 2.
513 3403 589 3484 μίαν
610 3407 690 3465 ναῦν
718 3402 823 3472 αὐτοῖς
846 3401 1027 3485 ἀπώλεσαν]
1054 3401 1130 3484 μίαν
1152 3408 1232 3465 ναῦν
1255 3402 1344 3465 αὐτοὶ
1368 3439 1409 3448 -

182 3491 289 3556 Herw.
313 3490 509 3556 confidenter
535 3491 667 3574 corrigit
693 3490 860 3572 Iinwo0d‚
892 3490 963 3554 coll.
986 3510 1064 3554 mox
1090 3491 1174 3554 inira
1201 3491 1309 3572 ἑτέραν
1331 3495 1411 3555 ναῦν

183 3581 376 3645 ἀπολλύουσι
398 3579 619 3663 (amittunt).
648 3579 720 3644 VII.
746 3582 796 3643 51.
818 3581 937 3651 ἵππους
964 3579 1185 3663 ἑβδομήκοντα
1209 3579 1409 3644 ἀπολλύουσι.

182 3671 223 3734 Π.
248 3671 299 3733 65.
369 3671 397 3733 5.
420 3669 696 3754 περιπλεύσαντες]
720 3669 996 3753 παραπλεύσαντες
1019 3668 1128 3734 Cobet.
1167 3668 1212 3733 Cf.
1231 3669 1270 3733 ed
1285 3668 1341 3732 IV.
1359 3671 1409 3732 56.

249 3759 331 3842 πρὸς
362 3759 418 3843 τὴν
448 3760 540 3823 πόλιν
572 3760 722 3842 ἐσέβαλον
754 3759 965 3843 (προσέβαλον
999 3764 1085 3823 recte
1117 3758 1244 3841 Cobet).
1292 3759 1338 3824 Cf.
1370 3759 1411 3822 ed

183 3849 334 3913 VIII.31.
404 3851 432 3912 9.
456 3848 574 3920 ἰδόντες
597 3848 633 3912 δέ
656 3851 687 3913 οῖ
708 3850 872 3933 Ἀθηναῖοι
896 3848 973 3934 [καὶ]
997 3849 1231 3932 ἀποβάντες-
1248 3849 1411 3932 ἐβοήθουν

183 3937 291 4004 Cobet.

270 4027 327 4092 IV.
352 4027 403 4090 26.
428 4030 456 4090 2.
482 4027 695 4112 διαμώμενοι]
729 4027 774 4093 Of.
798 4027 872 4090 Eur.
896 4027 1010 4092 Bacch.
1032 4029 1104 4091 768.
1137 4028 1263 4110 ἄκροισι
1296 4026 1408 4091 δακτύ-

182 4117 261 4181 λοισι
285 4117 443 4200 διαμῶσαι
465 4117 578 4201 χθόνα.
605 4119 731 4181 Arrien.
748 4117 850 4181 Anah.
868 4116 922 4180 VI.
940 4120 991 4181 23.
1014 4116 1163 4201 χαλεπῶς
1187 4115 1411 4199 διαμωμένους

181 4207 235 4271 τὸν
258 4207 412 4291 κάχληκα.
486 4209 514 4270 3.
537 4205 625 4289 παρὰ
649 4206 745 4289 λόγον
768 4206 1003 4290 ἐπιγιγνόμενος
1026 4205 1264 4289 (ἐπιτεινόμενος
1281 4204 1410 4291 Cobet).

227 4298 246 4360 ό
268 4297 443 4381 χρόνος-
459 4294 547 4379 παρὰ
571 4296 666 4378 λόγον
686 4295 938 4381 ἐπιγιγνόμενος]
963 4295 1190 4377 ἐπιτεινόμενος
1205 4295 1410 4359 Herwerden.

226 4393 311 4451 σῖτον
335 4423 376 4434 -
400 4385 603 4470 ἀληλεμένον]
633 4391 717 4449 σῖτον
739 4386 953 4470 ἀληλεσμένον
976 4386 1014 4449 al.
1053 4383 1098 4448 Ci.
1121 4384 1239 4449 Herod.
1263 4384 1335 4449 VII.
1360 4386 1411 4447 23.

181 4481 264 4548 οἶτος
288 4475 324 4540 δέ
347 4499 433 4559 σφισι
460 4474 578 4546 πολλὸς
607 4475 716 4557 ε’φοίτα
741 4475 776 4538 ἐκ
804 4481 859 4559 τῆς
882 4475 986 4559 Ἀσίης
1009 4474 1221 4558 ἀληλεσμένος
1244 4475 1300 4552 (ita
1322 4473 1411 4537 codd.

1156 4582 1292 4645 3¹⁸·
