3576 5340
730 407 916 456 panormam
1395 389 1434 454 31

257 571 327 653 περὶ
350 567 533 654 Πλαταιῶν]
558 567 615 646 Qu.
639 565 796 651 περὶτῶν
819 567 996 632 Πλαταιῶν.
1037 569 1081 632 Of.
1105 569 1146 632 II.
1171 571 1198 633 6.
1221 569 1259 632 τὰ
1282 568 1439 652 περὶτῶν

213 659 383 724 Πλαταιῶν
416 660 615 742 γεγενημένα.
657 659 734 723 Mox
766 679 823 742 pro
852 660 1122 741 ἀποτετραμμένοι
1145 658 1342 724 Herwerden
1370 659 1438 722 ἀτέ-

213 773 342 831 ραμνοι,
366 751 503 832 conjicit.
542 749 604 812 Sed
619 750 665 812 ita
680 749 751 830 περὶ
766 748 839 818 τοὺς
854 747 1015 818 Πλαταιᾶς
1030 749 1253 830 requireretur.
1287 749 1345 824 Qu.
1362 749 1437 811 ἀπε-

213 841 412 921 στραμμένοι.
491 841 519 901 2.
544 837 754 922 καταγώγιον]
783 837 893 900 Malim
922 845 1146 919 καταγωγεῖον,
1174 844 1210 901 ui
1237 837 1438 910 πανδοκεῖον,

214 935 369 1010 κουρεῖον,
395 933 451 992 eto.
490 928 611 991 Eadem
633 929 734 991 forma
756 927 952 991 restituenda
971 934 1018 990 est
1033 927 1159 990 Platoni
1175 926 1307 990 Phaedr.
1325 928 1389 990 259
1401 927 1438 989 A.

301 1017 358 1080 111.
384 1018 434 1081 69.
460 1020 487 1080 1,
514 1017 746 1100 τρεισκαίδεκα]
774 1016 973 1098 τρισκαίδεκα
1002 1015 1033 1078 F.
1058 1037 1156 1100 marg.
1185 1021 1215 1082 et
1239 1017 1274 1080 G.
1319 1015 1362 1079 of.
1388 1017 1438 1079 79.

212 1112 292 1189 τρεῖς
316 1106 427 1170 δὲκαὶ
452 1106 527 1169 δέκα
552 1107 584 1186 (i
608 1126 636 1189 q.
659 1107 858 1187 τρισκαίδεκα
883 1107 928 1187 δὲ)
951 1111 1029 1176 ναῦς
1052 1111 1109 1172 eto.

300 1196 357 1259 ΠΙ.
383 1198 433 1259 76.
460 1196 486 1257 1.
511 1197 670 1277 ἔπρασσον
698 1194 784 1259 οὗτοι
808 1234 849 1242 --
874 1195 964 1266 ὅπως
992 1196 1212 1278 ἀποστήσασιν
1241 1196 1274 1276 (1.
1299 1196 1437 1278 ἀποστή-

212 1286 331 1368 σουσιν)
359 1286 540 1368 Ἀθηναίων
572 1285 627 1368 τὴν
659 1286 757 1348 πόλιν.
797 1285 841 1348 (if.
870 1286 967 1348 Arist.
996 1286 1076 1350 th.
1102 1283 1178 1349 756.
1207 1285 1321 1366 ἄνδρες
1357 1284 1437 1368 πρό-

211 1375 322 1457 βουλοι
344 1377 425 1437 τοῦτ’
449 1376 610 1456 ἔπρασσον
641 1383 680 1457 τᾳῖ
707 1375 791 1447 πόλι,
813 1375 817 1458 ]
838 1375 929 1446 ὅπως
952 1374 1069 1457 (ὅπαῖ)
1092 1377 1217 1457 τάχιστα
1241 1376 1294 1438 καὶ
1317 1375 1437 1438 κάκιστ’

169 1469 172 1474 ’
212 1465 411 1546 ἀπολοίμεθα
436 1464 697 1547 (ἀπολούμεθαῖ).

300 1553 357 1617 ΙΠ.
383 1554 433 1616 iti.
458 1555 486 1615 2.
510 1553 565 1624 τὰς
588 1554 688 1624 οἰκίας
705 1591 745 1599 -
763 1554 817 1617 καὶ
838 1553 893 1624 τὰς
917 1553 1091 1638 ξυνοικίας]
1120 1553 1164 1618 of.
1189 1555 1304 1618 Aesoh.
1320 1553 1393 1617 XV.
1409 1555 1437 1618 5.

212 1644 271 1706 οὐκ
296 1643 391 1716 οἰκία,
416 1643 455 1705 οὗ
479 1644 628 1706 συνοικία.

300 1731 471 1795 111754.
494 1732 551 1814 τὴν
573 1732 637 1814 πρδ
660 1738 716 1797 τοῦ
735 1730 870 1815 Ἡραίου
891 1732 1000 1817 νῆσον]
1024 1733 1180 1816 Eandem,
1206 1732 1332 1816 opinor,
1356 1752 1438 1814 quae

211 1821 305 1885 hodie
329 1822 425 1904 Vigo
450 1822 574 1885 dicitur.

297 1910 357 1973 111.
383 1913 433 1974 78.
451 1913 479 1973 2.
503 1910 653 1992 πρύμναν
676 1910 883 1994 κρουόμεναι]
909 1911 991 1975 Fort.
1008 1912 1156 1995 πρύμναν
1175 1911 1437 1995 ἀνακρουόμενοι.
1467 1924 1470 1929 ’

211 1999 256 2062 Cf.
280 1999 304 2063 I.
329 2001 379 2064 50.
417 2001 566 2083 πρύμναν
598 2002 778 2081 έκρούοντο.
870 2004 991 2065 ἑαυτῶν
1024 2002 1123 2084 σχολῇ
1159 2026 1191 2066 τε
1222 2003 1269 2084 (τε
1302 2002 1437 2085 σχολῇῗ)

210 2090 469 2172 ὑποχωρούντων
492 2090 650 2171 καὶπρὸς
673 2097 756 2173 σφᾶς
778 2093 975 2174 τεταγμένων
998 2096 1062 2154 τῶν
1084 2093 1241 2154 ἐναντίων.

299 2179 356 2243 ΠΙ.
382 2181 432 2244 79.
455 2186 536 2261 τρεῖς
560 2180 595 2243 δὲ
618 2180 672 2243 καλ
688 2181 765 2243 δέκα
782 2181 874 2265 ναῦς]
898 2181 1098 2263 τρισκαίδεκα
1119 2181 1153 2245 δὲ
1169 2187 1246 2251 ναῦς
1262 2179 1436 2245 111186.

211 2275 243 2333 et
266 2271 336 2350 (om.
362 2269 408 2351 δὲ]
432 2269 467 2332 B.
507 2268 551 2333 of.
577 2269 627 2332 69.
659 2270 875 2351 τρεισκαίδεκα
909 2271 1123 2352 (τρισκαίδεκα
1152 2270 1185 2333 F.
1214 2284 1310 2354 marg.
1336 2275 1366 2335 et
1388 2271 1437 2351 G.)

210 2382 351 2441 τριηρεις.

298 2448 355 2511 ΙΠ.
381 2448 431 2511 81.
457 2450 485 2509 2.
510 2445 694 2533 ἀνηλοῦντο]
719 2449 771 2510 An
795 2449 990 2513 dvoior'mo?
1030 2449 1074 2513 Of.
1098 2448 1186 2511 VIH.
1211 2451 1261 2512 45.
1291 2450 1436 2512 ἀνάλουν.

257 2539 284 2600 3.
307 2538 363 2620 τὴν
385 2537 445 2619 μὲν
468 2539 566 2601 αἰτίαν
590 2539 790 2620 ἐπιφέροντες
812 2545 875 2608 τοῖς
894 2539 951 2619 (ὅτι
968 2545 1023 2602 aut
1038 2540 1084 2608 ὠς
1100 2539 1239 2622 Madvig)
1262 2539 1316 2602 τὸν
1333 2540 1437 2622 δῆμον

212 2627 427 2690 καταλύουσιν.
466 2627 589 2690 Vitium
612 2628 736 2691 viderat
754 2630 820 2708 jam
844 2627 961 2692 Duker.

299 2716 356 2780 ΙΠ.
381 2718 431 2778 82.
459 2717 486 2778 l.
510 2718 613 2786 οὕτως
636 2717 709 2800 ὠμὴ
728 2717 758 2800 (1.
775 2718 848 2800 ὠμὴ
866 2718 898 2800 ἡ]
922 2719 1026 2788 στάσις
1048 2719 1292 2801 προυχώρησεν.
1357 2721 1436 2800 ξυμ-

210 2806 326 2888 μαχίας
349 2844 392 2852 -
416 2808 449 2869 αῖ
480 2803 660 2891 ἀπαγωγαί]
694 2806 854 2871 Conneote
886 2809 1067 2890 ξυμμαχίας
1099 2828 1173 2871 oum
1206 2809 1238 2870 αῖ
1265 2809 1436 2888 ε’παγωγαί.
1563 2851 1566 2856 ·

256 2899 283 2958 3.
308 2896 478 2980 ἐνομίσθη]
513 2896 692 2978 ὠνομάσθη
725 2895 923 2961 Herwerden
956 2898 1058 2979 (Anal.
1089 2896 1163 2962 erit.
1192 2898 1231 2960 ad
1259 2898 1436 2960 Τ11ιιο.είο.

94 2963 100 2971 ¹
213 2986 331 3068 1868),
361 2985 431 3049 ooll.
460 2986 557 3049 schol.
586 2987 652 3068 (qui
680 2987 942 3069 προσηγόρευσαν
969 2987 1218 3071 interpretatur),
1246 2985 1339 3049 Dion.
1365 2985 1437 3049 Hal.

210 3077 278 3158 (qui
300 3074 460 3158 ἐκάλουν),
484 3081 516 3138 et
538 3073 651 3138 Salust.
675 3075 710 3138 B.
735 3074 768 3139 6.
794 3079 844 3138 52.
872 3077 940 3159 (qui
964 3078 1049 3140 huno
1075 3077 1182 3140 locum
1210 3078 1338 3140 imitans
1361 3077 1437 3140 sori·

210 3164 257 3228 bit
294 3165 477 3246 vocatur).
518 3164 561 3227 of.
590 3163 797 3246 Lys.111.5.
823 3169 850 3228 5.
889 3168 1045 3249 ἐνομίζετε
1078 3166 1274 3248 (ὠνομάζετε
1306 3166 1437 3247 Herm).

255 3255 284 3315 4.
309 3254 462 3336 ἀσφάλεια
491 3254 655 3336 (ἀσφαλεία
681 3254 717 3316 G.
742 3273 793 3335 qu.
819 3256 985 3338 ἀσφαλείᾳ]
1010 3256 1044 3319 δὲ
1074 3255 1110 3319 τδ
1143 3256 1437 3338 ἐπιβουλεύσασθαι.

257 3344 284 3405 5.
308 3342 362 3406 τὸν
388 3343 541 3426 μέλλοντα
569 3343 671 3407 κακόν
702 3368 729 3406 τι
754 3344 833 3426 δρᾶν
857 3345 1046 3428 (δράσεινῖ).
1115 3344 1263 3428 ἑταιρίας]
1288 3346 1438 3426 ἑταιρείας

209 3438 294 3497 recte
321 3435 359 3495 A.
399 3431 442 3496 of.
476 3432 516 3495 ad
548 3431 640 3514 Soph.
673 3435 721 3515 Aj.
752 3435 824 3496 683.
861 3434 990 3503 ἀπιστάς
1026 3433 1096 3496 ἐσθ’
1133 3435 1267 3515 ἑταιρίας
1298 3434 1400 3516 λιμήν.

255 3523 274 3585 ὁ
297 3523 497 3592 ἐπικελεύσας
519 3521 574 3585 τὸν
593 3522 638 3604 μὴ
662 3522 902 3607 διανοούμενον]
923 3523 1147 3587 ὁέπικωλύων
1169 3524 1219 3606 (f.
1243 3524 1297 3586 VI.
1324 3525 1373 3585 17.
1399 3523 1439 3604 5.)

209 3611 263 3675 τὸν
285 3612 427 3694 μηδὲ-
445 3607 551 3676 Herw.
591 3610 650 3687 Qu
679 3613 697 3675 ὁ
720 3613 884 3696 ὗπονήσας
901 3650 955 3674 -.
1029 3614 1067 3676 οὗ
1092 3612 1152 3695 γὰρ
1175 3611 1252 3695 μετὰ
1281 3617 1345 3676 τῶν
1373 3637 1437 3676 κει-

196 3703 318 3784 μένων
345 3701 456 3783 νόμων
480 3701 618 3784 ὠφελίας
650 3702 783 3784 (ὠφελίᾳ
812 3703 908 3787 Popp.
933 3701 1070 3786 Madvig.
1095 3702 1245 3785 ὠφελείᾳ,
1272 3710 1328 3766 aut
1350 3704 1436 3785 ὠφε-

210 3791 309 3861 λείας(
325 3793 416 3854 ἕνεκα
450 3793 517 3854 sive
549 3792 678 3873 χάρινῬ)
716 3794 750 3855 αῖ
780 3799 918 3856 τοιαῦται
951 3793 1093 3865 ξύνοδοι,
1131 3792 1208 3856 ἀλλὰ
1246 3792 1333 3875 παρὰ
1365 3792 1439 3862 τοὺς

210 3882 413 3950 καθεστῶτας
436 3880 598 3963 πλεονεξίᾳ
622 3881 658 3962 (f.
682 3881 885 3964 πλεονεξίας).
956 3882 983 3944 6.
1009 3883 1047 3945 ού
1070 3890 1117 3964 τᾳῖ
1139 3883 1219 3964 θείῳ
1242 3884 1334 3965 νόμῳ
1357 3883 1437 3964 μάλ-

210 3971 265 4033 λον
298 3970 505 4052 ἐκρατύνοντο
538 3974 557 4052 ἢ
589 3978 636 4052 τᾳῖ
667 3978 759 4056 κοινῇ
791 3997 816 4034 τι
850 3971 1091 4056 παρανομῆσαι]
1130 3973 1168 4034 οὐ
1195 3980 1242 4054 τᾳῖ
1273 3973 1353 4053 θείῳ
1385 3971 1438 4035 καί

210 4061 338 4142 νομίμῳ
371 4097 413 4106 -
446 4059 621 4142 Dionysius
654 4059 725 4122 Hal.
758 4082 786 4144 p.
816 4062 902 4143 995,
937 4061 1022 4124 huno
1053 4062 1160 4125 locum
1189 4080 1229 4124 ex
1252 4061 1439 4143 Thucydide

212 4148 407 4233 describam,
440 4150 526 4214 unde
559 4150 597 4212 οά
629 4154 675 4230 τῷ
710 4150 789 4231 ὁσίῳ
816 4151 869 4213 καί
893 4153 1021 4233 νομίμῳ
1046 4189 1086 4196 ——
1111 4149 1207 4214 Dobr.
1230 4150 1314 4213 adv.
1338 4150 1361 4213 I.
1388 4151 1437 4213 58.

209 4239 297 4322 prob.
322 4238 429 4302 Cobet.
453 4239 492 4300 V.
516 4238 549 4301 L.
573 4259 601 4322 p.
627 4240 699 4301 357.
725 4241 781 4321 qui
804 4239 1031 4323 “Saepissinre,
1054 4241 1171 4323 inquit,
1199 4241 1439 4322 conjunguntur

210 4330 297 4400 ὅσιος
320 4328 374 4392 καί
398 4329 519 4398 δίκαιος
542 4333 573 4392 ei
596 4327 682 4399 ὅσιος
705 4329 758 4392 καὶ
781 4330 925 4412 νόμιμος.
949 4330 1027 4392 ΡΙιιί.
1052 4329 1168 4392 Phaed.
1184 4350 1213 4412 p.
1232 4330 1294 4392 168
1311 4330 1348 4391 Α.
1373 4328 1438 4392 ἀπὸ

195 4424 273 4483 ,τῶν
300 4419 417 4482 ὁσίων,
435 4443 468 4482 τε
499 4419 553 4482 καί
584 4420 732 4500 νομίμων
760 4424 816 4483 ebo.
856 4420 949 4503 Legg.
974 4419 1032 4490 IX.
1057 4420 1119 4485 861
1138 4416 1175 4481 D.
1209 4419 1247 4481 οὗ
1281 4417 1341 4500 γὰρ
1374 4417 1437 4502 [ἂν]

209 4509 347 4592 νόμιμον
379 4508 449 4572 οὐδ’
473 4509 560 4572 ὅσιον
588 4510 627 4571 ἀν
655 4510 710 4592 εἴη.
743 4509 839 4572 Arist.
862 4509 917 4572 Th.
943 4510 1015 4570 676.
1044 4509 1115 4572 ὅσια
1143 4508 1196 4571 καί
1219 4507 1339 4591 νόμιμα
1373 4509 1438 4591 (oui
