3510 5338
661 419 847 469 ταυστοιοτε
1325 403 1366 471 51

234 579 268 643 V.
294 582 345 644 30.
371 583 397 644 1.
429 581 600 664 μέλλοντος
637 584 825 647 σπείσασθαι
867 585 1065 667 (σπείσεσθαι
1101 590 1186 650 recte
1224 584 1259 649 G.
1288 605 1368 652 corr.

148 669 267 752 Cobet).

229 759 266 822 V.
292 760 343 822 31.
369 762 396 822 5.
430 761 591 844 ἡσύχαζον
627 762 859 845 περιορώμενοι
895 762 959 826 ύπδ
992 768 1056 827 τών
1088 762 1366 848 Λακεδαιμονίων]

145 848 300 931 ἡσύχαζον
336 849 601 932 πολυωρούμενοι
638 851 686 933 (V)
715 888 754 896 -
784 851 890 915 Herw.
928 853 1089 935 ἡσύχαζον
1119 891 1159 899 -
1190 852 1270 937 [ὑπὸ
1302 859 1367 917 τῶν

143 937 417 1023 Λακεδαιμονίων]
445 939 582 1023 Madvig.
611 941 772 1023 ἡσύχαζον
794 942 1028 1024 περιορώμενοι
1050 941 1087 1004 τά
1111 942 1176 1005 άπὸ
1193 979 1234 987 -
1251 942 1365 1008 Haase.

143 1027 225 1109 prob.
252 1027 367 1112 Linw„
400 1029 469 1092 coll.
493 1028 548 1092 VI.
574 1031 624 1092 93.
661 1030 825 1111 μέλλοντες
858 1032 900 1093 ἔτι
932 1031 985 1094 καλ
1022 1033 1262 1114 περιορώμενοι.
1293 1033 1365 1095 103.

142 1119 174 1179 οἳ
190 1117 347 1200 πρότερον
368 1123 599 1201 περιεωρώντο.

226 1207 264 1270 7.
290 1209 341 1269 32.
368 1208 395 1270 1.
419 1206 553 1290 Δηλίους
586 1207 620 1270 δὲ
652 1208 832 1291 κατήγαγον
863 1208 956 1272 πάλιν
988 1210 1021 1278 ἒς
1048 1207 1153 1292 Δῆλον
1184 1211 1233 1293 (ἒς
1261 1209 1365 1293 Δῆλον

141 1295 196 1358 del.
218 1294 347 1378 Herm).
416 1297 445 1359 4.
467 1297 523 1367 τάς
545 1321 576 1360 τε
600 1297 797 1380 δεχημέρους
820 1298 1027 1383 ἕπισπσνδάς]
1051 1297 1110 1374 Qu.
1135 1336 1176 1345 —
1200 1301 1243 1361 ἔτι
1265 1324 1363 1363 σπον-

141 1385 203 1454 δάς.
270 1384 589 1469 πεντηκονταετίδων]
618 1389 671 1449 An
694 1387 1022 1470 πεντηκοντουτίδωνῗ
1062 1386 1106 1450 Cf.
1135 1388 1174 1452 ad
1202 1391 1250 1451 14.
1278 1411 1363 1472 τριη-

140 1475 310 1546 κοντοέτεις
333 1476 511 1559 (-ούτεις3).
1146 1545 1149 1550 Δ

224 1581 262 1644 V.
288 1583 340 1644 33.
365 1584 393 1645 2.
416 1582 473 1665 τὴν
496 1579 678 1666 ξυμμαχίαν
702 1580 895 1668 ἐφρούρουν]
918 1583 987 1647 Imo
1010 1582 1066 1667 τὴν
1087 1583 1291 1668 ξυμμαχικίγν
1308 1622 1363 1648 —-.

224 1670 263 1734 V.
289 1673 341 1734 35.
368 1673 395 1734 1.
423 1671 531 1736 Verba
563 1673 599 1735 οἴ
623 1696 655 1735 τε
682 1672 847 1755 Ἀθηναῖοι
878 1672 932 1736 καί
964 1673 1024 1756 (οἱ)
1052 1673 1301 1755 Λακεδαιμόνιοι
1329 1680 1364 1738 ut

139 1759 294 1824 emblema
317 1763 473 1845 expungit
495 1761 601 1825 Herw.
670 1763 699 1825 2.
726 1760 988 1844 ἀποδεδώκεσαν]
1016 1762 1085 1825 Imo
1109 1762 1363 1826 άπεδεδώκεσον.

179 1850 388 1934 ύπετόπευον]
412 1851 528 1915 Nonne
551 1851 750 1924 ὑπώπτευον,
779 1856 815 1915 ut
841 1851 947 1934 paullo
971 1871 1068 1934 supra
1091 1851 1110 1932 ξ
1135 1849 1186 1916 1?
1254 1854 1282 1914 3.
1305 1854 1362 1934 με’-

137 1961 239 2010 νοντες
272 1941 338 2009 ἕως
374 1942 461 2022 σφίσι
496 1940 637 2004 κάκεῖνοι
672 1941 836 2023 ποιήσειαν
868 1941 903 2023 (1.
926 1941 1098 2023 ποιήσοιεν]
1134 1939 1171 2002 τὰ
1204 1942 1362 2024 εἰρημένα.

179 2030 207 2090 5.
231 2027 408 2112 ἐξαγαγεῖν]
432 2028 492 2105 Qu.
515 2030 687 2111 ἐσσγαγεῖν,
710 2049 752 2092 sc.
768 2031 801 2100 ἐς
815 2029 870 2100 τὰς
885 2031 1034 2099 σπονδάς.
1073 2030 1118 2093 Of.
1135 2030 1242 2113 paullo
1258 2050 1362 2113 supra.

177 2117 250 2188 τοὺς
273 2118 341 2181 ἀπὸ
369 2117 516 2203 Θρᾴκης]
541 2118 622 2183 Fort.
645 2118 720 2190 τοὺς
742 2119 793 2184 ἐπὶ
819 2117 964 2202 Θρᾴκης,
989 2120 1081 2183 utin
1104 2121 1123 2200 ἓ
1148 2120 1175 2182 3.

222 2225 262 2289 V.
289 2227 341 2288 36.
367 2227 394 2288 1.
416 2225 512 2289 ταῦτά
535 2250 568 2288 τε
591 2226 786 2311 γιγνώσκειν]
820 2225 878 2302 QU.
904 2227 1000 2289 ταύτά
1022 2250 1055 2290 τε
1071 2263 1126 2288 -.
1195 2228 1223 2289 2.
1252 2227 1362 2309 ἥκιστα

137 2312 393 2400 ἀναγκασύῆναι]
421 2314 520 2399 ἥκιστ’
544 2317 583 2378 ἂν
611 2316 658 2378 ἀν.
686 2322 770 2381 reete
794 2315 901 2379 Elmsl.
969 2316 1095 2379 ἑλέσύαι
1119 2315 1179 2397 γὰρ
1196 2315 1254 2400 -]
1278 2315 1363 2399 Lege

137 2404 259 2467 έλέσδαι
294 2404 355 2486 γὰρ
387 2406 427 2467 δν
451 2442 506 2466 -.
598 2407 626 2468 3.
659 2405 706 2468 ἀεί
742 2405 850 2474 καλῶς
877 2405 1045 2487 ἠπίσταντο
1073 2442 1115 2450 -
1146 2405 1232 2487 σφίσι
1259 2405 1362 2487 φίλιον

136 2495 281 2572 γενέσθαι
305 2495 484 2576 transponit
506 2494 612 2558 Herw.
680 2495 851 2577 ἡγούμενοι
874 2494 1116 2576 (ἡγουμένουςῖ)
1139 2493 1193 2556 τὸν
1216 2495 1280 2567 ἔξω
1304 2500 1362 2559 etc.

176 2583 211 2645 τὸ
237 2584 348 2666 μέντοι
370 2582 542 2646 Πάνακτον
574 2583 700 2646 ἐδέοντο
727 2581 892 2651 Βοιωτοὺς
924 2583 1014 2652 ὅπως
1045 2583 1215 2664 παραδῶσι
1247 2585 1361 2666 (παρα-

83 2705 84 2708 ¹
137 2671 262 2736 δώσωσι
288 2673 320 2736 F.
345 2672 574 2754 παραδώσουσι
597 2677 681 2736 recte
703 2672 740 2736 Ε.
757 2671 805 2755 G.)
827 2671 1100 2754 Λακεδαιμονίοις.
1140 2671 1185 2735 Of.
1209 2672 1248 2734 ad
1264 2672 1362 2735 Arist.

135 2759 213 2826 Nub.
239 2764 316 2826 739.

221 2869 260 2932 V.
289 2869 339 2932 37.
364 2870 392 2931 3.
425 2869 458 2938 ές
484 2868 521 2932 τὰ
550 2869 646 2951 ὁμοῖα
675 2868 833 2952 σπεύδειν]
865 2867 901 2930 τά
935 2868 1030 2951 ὁμοῖα
1059 2867 1204 2931 σπεύδειν
1227 2867 1361 2951 Kriiger.

134 2955 238 3021 Herw.
281 2958 325 3022 Of.
349 2959 389 3021 ad
412 2958 451 3021 V.
476 2959 526 3020 38.
553 2959 580 3020 1.
669 2957 706 3021 τὰ
739 2959 887 3041 εἰρημένα
920 2956 1193 3041 προκαλούμενοι]
1217 2958 1361 3040 Anglice‚

135 3049 348 3130 proffering
376 3048 438 3111 the
466 3048 547 3111 said
579 3052 701 3112 terms.
740 3048 789 3112 Ne
821 3049 853 3117 ἒς
883 3047 920 3110 τὰ
951 3085 991 3092 -
1019 3047 1177 3129 εεηαίτεε,
1201 3047 1239 3110 of.
1262 3049 1360 3110 Arist.

134 3137 210 3200 Ach.
235 3138 311 3198 652.
332 3137 479 3219 Eq.796.
507 3137 562 3207 τὰς
584 3138 808 3220 πρεσβείας-
825 3140 861 3199 αἳ
879 3135 934 3207 τὰς
956 3135 1097 3206 σπονδὰς
1119 3136 1361 3218 προκαλοῦνται.

178 3229 206 3288 4.
238 3227 387 3310 πρεσβεις
418 3225 578 3310 παρῆσαν]
610 3226 693 3290 Fort.
721 3227 867 3309 πρέσβεις
898 3233 1055 3309 παρῇσαν.
1104 3225 1149 3288 Cf.
1187 3226 1227 3289 ad
1264 3227 1361 3289 Arist.

221 3424 261 3487 V.
288 3425 338 3487 38.
364 3424 391 3485 l.
423 3422 458 3486 τδ
491 3422 552 3506 γάρ
584 3421 661 3486 αὐτὸ
694 3423 823 3485 ἐποίουν
855 3421 1024 3503 (ἔσπευδον
1047 3420 1182 3503 Hem),
1215 3421 1284 3484 coll.
1310 3423 1360 3484 37.

136 3513 204 3592 §4
230 3511 295 3600 [ἐς]
319 3512 355 3575 τά
380 3513 475 3595 ὁμοῖα
499 3512 653 3576 σπεύδειν.
736 3513 765 3573 4.
790 3511 850 3573 οῦκ
874 3510 951 3573 ἄλλα
974 3510 1165 3592 φηφιεῖσδσι
1187 3512 1207 3593 ἢ
1231 3511 1251 3571 ἃ
1275 3511 1360 3592 σφίσι

135 3603 232 3684 (σφεῖς
256 3608 341 3667 recte
365 3604 445 3684 conj.
469 3601 579 3684 Bekk.)
601 3600 845 3684 προδισγνόντες
867 3605 1083 3681 παραινοῦσιν.

221 3693 262 3756 7.
286 3693 337 3755 40.
363 3693 391 3754 3.
415 3692 586 3774 ἡγούμενοι
609 3691 645 3754 έκ
667 3695 732 3754 τῶν
750 3689 919 3772 παρόντων
935 3689 1081 3772 κράτιστα
1105 3688 1140 3771 (l.
1156 3687 1292 3772 κράτιστ’
1308 3690 1359 3768 ἂν)

136 3817 175 3826 -
199 3782 333 3865 ἡσυχίαν
355 3783 444 3864 ἔχειν.

222 3889 261 3952 V.
286 3890 336 3952 41.
362 3891 390 3951 2.
414 3890 532 3970 ἑτοῖμοι
555 3887 647 3972 εἶναι]
672 3887 725 3951 An
747 3887 892 3969 ἑτοίμους
914 3885 1012 3950 εἷναιῗ

226 3978 262 4041 V.
286 3980 338 4042 42.
363 3979 391 4040 2.
415 3975 521 4061 εὗρον]
544 3974 645 4061 ηὗρον
668 3982 752 4042 recte
775 3976 811 4039 B.
834 3975 871 4040 E.
894 3974 927 4038 F.

223 4069 261 4132 V.
278 4070 329 4131 43.
347 4068 375 4129 3.
399 4066 601 4148 πανταχύδεν
623 4090 655 4129 τε
678 4065 725 4149 (δὲ
740 4070 824 4130 reete
840 4065 888 4146 G.)
910 4065 1052 4148 νομίζων
1075 4063 1285 4127 ἐλασσοῦσθαι
1301 4069 1360 4130 etc·

223 4159 261 4221 V.
286 4159 337 4220 44.
362 4158 391 4219 2.
414 4156 465 4220 ἐπὶ
487 4164 582 4238 κακῷ
602 4161 667 4219 τῶν
683 4156 757 4238 (imo
772 4156 830 4236 τῷ)
847 4153 1037 4237 Ἀθηναίων.
1076 4151 1119 4216 Of.
1136 4154 1176 4215 ad
1193 4153 1243 4214 26.
1260 4158 1291 4216 εί
1306 4154 1358 4218 47.

137 4245 167 4315 ἒς
187 4247 244 4330 τὴν
267 4254 325 4330 γῆν
347 4246 404 4328 τὴν
427 4249 500 4328 (τῶν
523 4245 571 4328 Β.)
589 4245 778 4327 Ἀθηναίων.

224 4338 260 4400 7.
285 4339 336 4399 45.
363 4338 391 4399 1.
423 4335 476 4398 καί
507 4335 648 4416 λέγοντες
680 4335 713 4396 ἒν
744 4339 782 4416 τῇ
813 4333 915 4417 βουλῇ
946 4332 1020 4415 περί
1047 4355 1079 4394 τε
1106 4326 1285 4394 τούτων-
1304 4331 1359 4395 τὸν

132 4423 330 4509 Ἀλκιβιάδην
357 4425 499 4509 ἐφόβουν
525 4424 571 4508 μὴ
595 4423 649 4487 καί
676 4426 715 4506 ἢν
740 4423 799 4506 (μὴ
824 4425 863 4505 ἢν
886 4421 976 4503 κοίῗ)
1003 4422 1035 4490 ἒς
1057 4419 1112 4483 τδν
1136 4420 1240 4504 δῆμον
1261 4427 1357 4484 ταῦτα

136 4513 274 4596 λέγωσιν,
312 4515 531 4598 ἐπαγάγωνται
567 4512 602 4575 τὸ
629 4513 756 4595 πλῆθος
779 4517 836 4575 etc.
927 4513 956 4572 4.
989 4511 1107 4594 ἑτοῖμοι
1142 4508 1224 4594 ἦσαν
1259 4509 1358 4582 εύύδς

1100 4613 1145 4680 4*
