3576 5340
422 415 474 481 ’18
952 439 1137 486 innonnmno

475 594 523 660 ὧν
546 597 728 680 ἀκροᾶσθαι
751 598 797 667 ῶς
820 600 951 670 ἕκαστος
974 603 1046 681 (om.
1068 621 1140 664 eum
1157 601 1245 663 AJB.
1263 600 1358 682 RF.)
1386 603 1512 686 ῶργητο
1537 603 1566 683 (l.
1593 603 1667 684 ὥρ-

430 708 512 767 μητο
536 705 609 749 cum
634 685 666 750 O.
689 687 725 749 Ε.
750 688 807 766 9.).
840 688 885 752 Of.
910 696 1015 752 tanton
1039 691 1089 753 37.
1122 692 1168 760 ῶς
1200 693 1332 760 ἕκαστος
1359 693 1392 755 ἐν
1419 716 1465 773 τῳ
1488 691 1668 774 εὐδοκιμεῖ.

475 774 619 859 ῶργητο]
643 776 726 859 Lege
749 778 890 860 ὥρμητο,

518 881 558 944 ll.
571 887 621 945 22.
634 886 660 946 3.
686 883 750 946 ἀπὸ
766 891 820 968 τὴς
836 886 975 955 στάσεως
990 886 1153 970 ἑκάτερος]
1174 887 1240 950 ἀπὸ
1253 894 1308 969 τῆς
1324 888 1463 958 στάσεως
1486 890 1670 969 ἐκαστέρας

431 990 516 1034 unus
539 974 640 1036 oodex
663 973 751 1056 prob.
776 973 873 1035 Linw.
912 974 953 1036 nt
977 977 1022 1038 sio
1046 975 1160 1060 legisse
1185 977 1311 1040 videtur
1333 978 1428 1042 schol.
1498 980 1526 1041 2.
1550 979 1605 1040 καὶ
1632 981 1671 1041 οῖ

429 1060 696 1145 Πελοποννήσιοι]
720 1064 819 1124 καίτοι
836 1062 910 1125 Πελ.
935 1063 1138 1127 Herworden.
1165 1066 1307 1130 Praestat
1329 1069 1429 1130 καίτοι
1453 1069 1483 1130 οἱ
1504 1066 1580 1130 Πελ.

518 1149 559 1213 H.
584 1153 634 1213 23.
659 1155 687 1213 2.
710 1151 766 1232 τήν
790 1159 848 1233 γῆν
871 1153 927 1234 τὴν
944 1152 1125 1236 Πειραϊκὴν
1148 1153 1360 1242 καλουμένην]
1386 1155 1444 1232 Qu.
1460 1155 1668 1239 Πειραιϊκήν.

430 1238 474 1301 Of.
498 1242 552 1302 Ar.
569 1240 651 1302 Nub.
669 1241 741 1302 821.
769 1240 886 1304 Herod.
912 1241 999 1304 VIII.
1024 1245 1075 1305 44.
1099 1244 1155 1326 τὴν
1177 1247 1320 1327 πετραίην
1344 1245 1667 1328 (1]τὴςΒοιωτίας.

517 1345 557 1407 II.
583 1349 633 1408 24.
659 1349 686 1407 2.
711 1347 879 1411 ἐπιπλέουσι
902 1356 939 1431 τῇ
962 1350 1065 1434 πόλει]
1101 1349 1158 1424 Qu.
1184 1352 1370 1416 ἐπιπλέωσιν
1399 1353 1449 1415 ἐπὶ
1476 1353 1532 1436 τὴν
1555 1353 1665 1418 πόλιν.

429 1434 491 1498 Sed
515 1437 551 1498 of.
575 1435 632 1498 III.
659 1438 708 1498 63.
733 1439 909 1508 ξυνεπιέναι
926 1477 966 1484 -
984 1440 1095 1510 ἄλλοις.
1164 1441 1243 1503 κατὰ
1267 1441 1321 1504 τὸν
1344 1442 1486 1505 ἐνιαυτὸν
1510 1443 1665 1529 ἕκαστον]

427 1525 504 1605 μετὰ
528 1529 592 1587 τῶν
616 1531 740 1590 ναυτῶν
763 1528 895 1591 ἕκαστον
911 1528 978 1592 ood.
997 1528 1092 1592 Vind.
1132 1529 1226 1593 Unde
1248 1530 1326 1613 μετὰ
1349 1535 1413 1594 τῶν
1431 1538 1557 1595 ναυτῶν
1580 1535 1663 1596 ἑκά-

428 1637 510 1678 στων
533 1616 665 1679 fortasse
687 1618 923 1683 restituendum
946 1625 1055 1684 censet
1078 1618 1240 1684 Linwood.

409 1741 413 1748 ·
517 1703 556 1767 Π.
582 1707 632 1768 26.
656 1708 822 1787 τριάκοντα
847 1715 924 1779 ναῦς
948 1710 1130 1792 ἐξέπεμψαν
1154 1711 1225 1792 περὶ
1251 1710 1307 1792 τὴν
1331 1710 1475 1793 Λοκρίδα
1499 1712 1552 1774 καὶ
1575 1713 1661 1794 (κατ’

427 1794 576 1878 Madvig).
599 1795 741 1879 Εὐβοίας
763 1799 830 1880 ἅμα
855 1800 1009 1881 φυλακήν.

516 1902 555 1965 Π.
582 1905 632 1965 29.
657 1907 684 1965 4.
712 1903 816 1987 Τήρης
845 1906 879 1967 δέ
908 1907 978 1968 οὔτε
1011 1907 1129 1985 (odiel)
1157 1942 1195 1950 -
1219 1906 1364 1986 βασιλεύς
1396 1931 1427 1968 τε
1451 1906 1539 1986 (dil)
1562 1913 1656 1988 πρῶ-

426 2016 478 2060 τος
495 1998 551 2054 ete.
620 1995 734 2054 πείσειν
763 1994 823 2073 γὰρ
847 1993 1004 2073 Σιτάλκην
1031 1995 1168 2073 πέμψειν
1200 1994 1234 2073 (l.
1258 1995 1399 2072 πέμψαι)
1428 2000 1571 2073 στρατιᾶν
1595 2003 1656 2058 eto.

473 2081 500 2141 5.
527 2079 654 2162 Τηρέω]
684 2080 792 2142 Malim
823 2080 959 2161 Τηρέως.
999 2080 1043 2142 Ol.
1069 2081 1108 2141 ad
1132 2079 1214 2141 Xon.
1238 2081 1299 2143 An.
1325 2079 1395 2143 VII.
1421 2083 1448 2142 5.
1475 2083 1502 2142 1.
1528 2080 1655 2161 Τήρους

427 2170 475 2250 (al.
503 2169 663 2250 Τήρουεί
688 2168 822 2249 Τηρίου).
903 2172 931 2230 4.
957 2170 1027 2231 οὔτε
1050 2167 1084 2230 τδ
1109 2167 1185 2231 αὐτὸ
1209 2169 1312 2250 ὄνομα
1337 2170 1421 2252 ἔχων
1444 2169 1473 2250 (l.
1498 2167 1571 2251 εἶχε)
1595 2206 1652 2232 -.

514 2258 657 2320 11.34.1.
680 2263 744 2319 τῶν
767 2259 801 2319 ἐν
823 2258 907 2339 τῷδε
929 2266 975 2340 τῷ
997 2257 1129 2340 πολέμῳ
1152 2263 1281 2340 πρῶτον
1296 2260 1447 2341 (πρῶτων
1459 2259 1530 2340 juro
1545 2259 1655 2339 requi-

426 2349 467 2408 rit
490 2347 611 2428 Cobet.‚
635 2347 654 2408 i.
672 2367 697 2410 e.
719 2365 830 2409 eorum
846 2348 902 2430 qui
924 2348 1036 2431 primi
1052 2347 1245 2426 ceciderant)
1261 2348 1502 2412 ἀποθανόντων.
1570 2347 1654 2427 πρό-

425 2438 526 2517 τριτα]
552 2435 596 2498 Τὰ
619 2437 702 2518 τρίτα
728 2441 943 2500 memorentur
966 2438 1063 2500 Arist.
1088 2436 1160 2520 Lys.
1179 2439 1251 2500 613.
1275 2438 1354 2502 lsae.
1372 2440 1401 2519 2,
1417 2438 1468 2500 46.
1536 2437 1592 2518 μία
1618 2436 1656 2498 δὲ

425 2526 513 2609 κλίνη
546 2527 622 2609 κενὴ
655 2527 782 2609 φέρεται
807 2525 865 2610 -]
899 2526 943 2590 Cf.
968 2527 1042 2590 Eur.
1065 2527 1137 2590 Hel.
1164 2528 1257 2590 1261.
1290 2527 1344 2590 καλ
1376 2525 1498 2609 στρωτὰ
1527 2528 1657 2608 φέρεται

425 2616 537 2698 λέκτρα
561 2617 710 2699 σώματος
733 2619 817 2681 κενά.
888 2619 915 2680 3.
939 2617 1012 2687 τοὺς
1036 2618 1070 2680 ἐν
1091 2615 1295 2701 Μαραθῶνι]
1321 2615 1364 2679 Ol.
1389 2614 1478 2679 Dom.
1495 2614 1583 2678 XIV.
1602 2615 1655 2678 30.

426 2707 457 2769 οῖ
478 2707 635 2789 Σαλαμῖνι
662 2707 716 2770 καὶ
738 2707 933 2790 Μαραθῶνι.
1004 2710 1032 2769 4.
1061 2707 1167 2788 ἐπειδὴ
1197 2706 1309 2788 καιρὸν
1337 2703 1510 2788 ἐλάμβανε]
1545 2703 1654 2786 ἐπειδὴ

425 2796 536 2878 καιρὸς
561 2797 731 2874 (εἰσοοδδ.
752 2796 783 2858 C.
800 2796 835 2858 n.
852 2797 884 2860 F.
902 2795 949 2873 G.)
973 2797 1130 2878 ἐλάμβανε
1153 2801 1261 2859 tuetur
1287 2793 1468 2858 Moinekius
1491 2794 1540 2856 nr.
1565 2792 1654 2856 Com.

426 2884 481 2947 IV.
505 2906 533 2967 p.
557 2885 615 2948 Xl.
655 2886 700 2948 of.
724 2886 873 2949 Menand.
897 2885 953 2946 IV.
980 2887 1050 2945 115.
1086 2887 1125 2946 ἂν
1157 2884 1237 2965 λάβῃ
1271 2883 1324 2945 τὸν
1356 2881 1468 2965 καιρὸν
1501 2880 1544 2945 εὗ.
1577 2882 1654 2945 ibid.

409 2981 489 3044 -τοῖς
506 2975 678 3037 ,ἀναιδέσιν
709 2975 828 3055 βοηθεῖ
857 2973 917 3053 γὰρ
954 2972 1059 3052 λόγοις
1095 2973 1184 3035 τοῦθ’
1217 2974 1252 3034 ἓν
1287 2972 1397 3053 μόνον,
1424 2979 1428 3052 Ι
1453 2973 1492 3034 ἂν
1524 2972 1655 3053 βραχεῖς

410 3062 541 3133 ,αὐτοὺς
563 3070 639 3144 ποιῇ
662 3086 706 3131 τις
728 3064 781 3125 τόν
804 3086 835 3124 τε
858 3059 971 3142 καιρὸν
994 3059 1028 3122 εὗ
1045 3061 1135 3142 λάβῃ.
1204 3059 1377 3144 ἐλαμβανε]
1401 3061 1516 3125 Nonne
1540 3061 1654 3143 ἐλαβεῗ

409 3206 412 3213 ·
514 3170 555 3233 Π.
581 3170 630 3231 35.
655 3168 765 3252 καλὸν]
789 3169 857 3232 Imo
881 3167 980 3231 καλὸν
1004 3169 1049 3231 ὅν.

514 3260 555 3323 ΙΙ.
582 3259 632 3322 36.
658 3261 686 3319 2.
711 3259 798 3320 αὐτοὶ
821 3260 911 3342 ἡμεῖς
935 3257 1000 3320 οἵδε
1025 3256 1067 3341 [οῖ
1088 3263 1145 3322 νῦν
1172 3259 1213 3321 ἔτι
1237 3257 1338 3342 ὄντες]
1364 3296 1405 3305 -
1430 3258 1654 3341 έπηυξήσαμεν

426 3355 511 3415 reete
535 3348 640 3412 Cobet.

411 3475 414 3482 '
515 3458 555 3521 H.
581 3458 631 3519 37.
658 3457 684 3518 1.
709 3457 795 3526 ὅντες
817 3456 888 3541 τινὶ]
913 3457 999 3526 ὄντες
1031 3456 1106 3520 τισίν
1129 3455 1235 3519 Herw.
1260 3456 1299 3518 ad
1324 3455 1358 3519 Ο.
1375 3455 1411 3518 R.
1437 3455 1531 3519 1070.
1599 3455 1653 3518 καί

426 3549 530 3630 ὄνομα
553 3547 612 3630 μὲν
637 3546 687 3610 διὰ
710 3546 746 3609 τὸ
768 3546 813 3628 μὴ
843 3548 882 3626 ἐςΙ
899 3547 1022 3627 ὀλίγους
1046 3547 1111 3608 ἀλλ’
1136 3547 1168 3616 ἐς
1185 3546 1330 3615 πλείονας
1346 3546 1442 3607 οἰκεῖν
1458 3547 1531 3624 (imo
1555 3546 1652 3626 ἡκειν,

427 3643 459 3700 et
490 3639 535 3701 sio
560 3636 595 3699 G.
625 3638 719 3715 corr.)
753 3635 949 3718 δημοκρατία
987 3637 1141 3719 κέκληται.
1190 3635 1235 3697 of.
1269 3635 1309 3696 ad
1342 3633 1435 3716 Soph.
1468 3633 1549 3696 Phil.
1580 3635 1651 3695 181.

426 3728 521 3789 Arist.
545 3727 603 3807 Eq.
634 3726 705 3787 193.
738 3724 784 3786 Pl.
815 3726 887 3787 919.
915 3725 989 3787 ὥστ’
1013 3726 1055 3794 εἰς
1083 3723 1133 3805 ἔμ’
1156 3724 1226 3807 ἡκει
1253 3730 1307 3805 τῆς
1335 3723 1459 3792 πόλεως
1485 3721 1522 3784 τὰ
1550 3724 1651 3805 πράγ-

412 3850 414 3858 ·
425 3839 518 3898 ματα.
596 3811 785 3899 κεκώλυται]
815 3814 873 3891 Qu,
896 3814 1089 3876 κεκόλουται.
1159 3814 1218 3877 οὐκ
1247 3812 1311 3876 ἀπὸ
1335 3814 1454 3895 μέρους
1477 3812 1507 3891 (l.
1532 3813 1652 3893 γένους)

425 3905 461 3968 τδ
484 3906 591 3968 πλεῖον
619 3903 670 3985 (τὰ
694 3904 781 3966 πλέω
805 3910 891 3966 recte
915 3902 948 3966 (l.
973 3902 1008 3964 G.
1033 3904 1069 3965 of.
1090 3904 1140 3965 86.
1168 3903 1205 3965 τὰ
1233 3903 1330 3965 πλείω
1354 3901 1597 3983 κατορθοῦντες)
1621 3903 1653 3972 ἒς

425 3995 462 4058 τὰ
499 3993 589 4058 κοινὰ
618 3997 637 4076 ή
667 3992 721 4055 ἀπ’
759 3993 870 4076 ἀρετὴς
904 3998 1097 4075 προτιμᾶται.
1167 3991 1231 4055 ἀπὸ
1267 3990 1401 4075 μέρους]
1440 3990 1504 4053 ἀπὸ
1543 3992 1652 4073 γένους

425 4085 629 4148 Herwerden.
699 4085 726 4144 2.
751 4083 930 4164 ἐλευθέρως
963 4082 997 4144 δὲ
1028 4083 1065 4144 τά
1097 4106 1129 4145 τε
1153 4083 1200 4161 (ἐς
1222 4105 1253 4145 τε
1275 4082 1350 4162 wll)
1377 4079 1459 4163 πρὸς
1486 4080 1520 4143 τὸ
1544 4080 1652 4143 κοινδν

425 4175 629 4256 πολιτεύομεν
651 4172 936 4253 (πολιτευόμεθαῗ)
968 4171 1021 4234 καὶ
1053 4172 1085 4241 ἐς
1115 4171 1171 4254 τὴν
1199 4171 1280 4253 πρὸς
1304 4172 1456 4253 ἀλλήλους
1483 4176 1547 4233 τῶν
1575 4171 1651 4232 καθ’

425 4265 548 4346 ἡμέραν
580 4262 836 4344 ἐπιτηδευμάτων
868 4262 1010 4342 ὑποψίαν
1043 4262 1175 4341 (ἔποψιν
1207 4260 1342 4344 Madvig.
1381 4281 1432 4343 qu,
1466 4260 1649 4342 ἐπιμέλειαν,

424 4354 564 4436 μελέτην,
593 4358 648 4415 aut
670 4353 811 4434 ἄσκησιν,
840 4351 976 4434 Anglieo
1000 4350 1246 4430 observande,
1269 4351 1451 4434 practise)
1475 4354 1532 4413 eto.

513 4442 553 4505 H.
579 4443 628 4504 38.
653 4439 701 4506 ῶν
729 4441 805 4504 καθ’
833 4441 956 4524 ἡμέραν
985 4441 1003 4522 ἡ
1033 4441 1141 4522 τέρψις
1168 4439 1203 4503 τδ
1231 4438 1373 4520 λυπηρὸν
1402 4438 1575 4522 ἐκπλήττει]
1605 4439 1649 4502 Cf.

424 4532 537 4594 Aesoh.
561 4531 666 4594 Pronl.
693 4532 763 4593 136.
788 4531 823 4592 ἐκ
849 4529 876 4593 δ’
901 4530 1015 4612 ἐπληξέ
1037 4529 1219 4611 μου’(οἰχὼ)
1242 4528 1298 4590 τάν
1320 4529 1506 4610 θεμερῶπιν
1529 4529 1619 4591 αι’δῶ.

342 4928 608 5043 fs
