3510 5338
685 463 871 508 miminis
1350 443 1391 505 6⁴7

177 625 180 631 ’
254 621 327 685 VII.
352 621 380 684 6.
407 624 434 684 1.
457 621 685 706 παρεληλύθει]
711 621 769 698 Qu.
792 621 1023 705 παρειληλύῦει.
1155 669 1158 676 .

253 710 325 774 VII.
351 715 378 774 7.
405 713 432 773 1.
456 711 509 774 καλ
537 711 743 793 ξυνετείχισαν
770 710 806 774 τὸ
835 711 945 774 λοιπὸν
972 716 1036 780 τοῖς
1058 710 1273 792 Συρακοσίοις
1299 710 1393 792 μέχρι

163 807 219 864 τοῦ
253 801 423 883 ἓγκαρσίου
451 800 588 883 τείχους]
621 800 763 863 Aliunde
792 801 870 864 haec
901 802 1027 864 invecta
1059 799 1217 862 videntur.
1287 801 1316 861 2.
1339 798 1393 862 καὶ

162 890 313 973 ναυτικὴν
344 889 398 952 καλ
431 889 530 972 πεζὴν
563 892 633 972 (pro
663 889 804 972 πεζικὴν]
829 885 1008 973 [ξυλλέξων]
1033 887 1139 954 Cobet.
1208 887 1392 970 ἀφεστήκει]

163 980 344 1062 ἀφειστήκει
376 984 461 1042 recte
485 978 521 1040 G.
589 979 640 1041 ε’πλ
671 977 816 1062 στρατιὰν
843 979 944 1060 ᾤχετο
971 978 1026 1041 καὶ
1048 977 1197 1060 ναυτικὴν
1218 977 1273 1040 καλ
1294 976 1394 1060 πεζὴν

165 1068 349 1153 [συλλέξων]
374 1068 481 1132 Cobet.

256 1158 327 1220 VII.
351 1159 380 1220 8.
406 1159 431 1219 l.
457 1159 579 1239 ἔπεμπε
601 1156 655 1219 καλ
678 1156 773 1226 αὐτὸς
796 1157 828 1226 ἒς
838 1155 898 1226 τὰς
908 1157 1052 1240 Ἀθήνας
1067 1156 1229 1238 ἀγγέλλων
1246 1193 1287 1203 -
1304 1156 1393 1238 νομί-

165 1249 231 1320 ζων
255 1247 289 1325 (1.
313 1247 461 1328 νομίζειν]
490 1249 525 1309 ἓν
553 1246 666 1315 δεινοῖς
692 1269 724 1309 τε
752 1244 829 1309 εἶναι
856 1246 909 1310 καὶ
933 1250 990 1310 etc.
1058 1245 1095 1308 τὰ
1120 1243 1306 1328 γράμματα]
1336 1242 1394 1319 Qu.

163 1337 201 1398 τά
224 1360 256 1399 τε
280 1337 459 1418 γράμματα.
526 1335 659 1418 μάλιστα
683 1335 718 1399 ἀὲ
741 1335 795 1399 καλ
817 1335 885 1398 τότε
909 1333 1073 1419 [νομίζων]
1099 1333 1204 1398 Cobet.
1231 1383 1234 1389 .
1274 1336 1302 1397 3.
1323 1333 1394 1397 ὃὸὲ

166 1424 213 1508 (δὲ
236 1424 273 1487 τὰ
298 1431 383 1488 recte
401 1426 440 1487 A.
457 1422 492 1486 Ε.
509 1423 542 1487 F.
559 1425 608 1505 G.)
631 1423 711 1487 κατὰ
735 1423 770 1487 τὸ
794 1425 1007 1507 στρατόπεδον
1031 1423 1081 1488 διὰ
1106 1425 1252 1507 φυλακῆς
1274 1422 1396 1505 μᾶλλον

166 1518 238 1596 (om.
262 1516 301 1576 A.
323 1514 362 1577 D.
386 1514 422 1577 E.
446 1513 479 1576 F.
504 1514 541 1578 G.
569 1516 702 1578 fortasse
730 1513 825 1595 recte)
853 1513 915 1596 ἥῦη
945 1515 1029 1596 ἔχων
1053 1516 1158 1596 (σφῶν
1181 1514 1260 1596 conj.
1285 1511 1395 1593 Bekk.)

164 1607 184 1687 ἢ
219 1603 259 1666 δι’
292 1603 370 1687 (ἤδη
400 1605 439 1665 Α.
466 1601 504 1664 Ι).
532 1602 569 1665 Ε.
599 1603 632 1665 D.
657 1623 717 1667 om.
741 1602 793 1685 G.)
831 1604 988 1666 ἑκουσίων
1019 1602 1179 1667 κινδύνοιν
1211 1602 1395 1684 ἐπεμελεῖτο.

165 1695 234 1757 Aut
257 1691 337 1774 εῖχεν
360 1711 416 1776 pro
440 1693 525 1775 ἔχων
554 1697 609 1755 aut
635 1695 740 1775 potius
763 1693 920 1755 ἑκουσίων
943 1691 1023 1774 (ἰὼν)
1048 1692 1221 1756 correxerit
1243 1690 1395 1753 Badham.

165 1780 250 1857 Quid
284 1783 351 1843 hic·
367 1783 463 1845 lateat
490 1783 648 1845 incertum
677 1787 733 1845 est.
800 1780 837 1844 τὰ
871 1782 1040 1864 γράμματα
1064 1781 1117 1844 καὶ
1149 1780 1210 1844 ὅσα
1233 1779 1292 1864 -]
1324 1779 1394 1842 Imo

164 1872 200 1933 τά
224 1895 256 1934 τε
279 1871 449 1953 γράμματα
467 1908 523 1932 -.
591 1871 610 1933 ὁ
634 1870 669 1933 δὲ
692 1869 772 1934 κατὰ
801 1871 896 1954 (1.τά
925 1870 1004 1934 κατὰ
1030 1890 1108 1935 oum
1132 1869 1222 1933 AD.
1238 1869 1272 1933 F.
1289 1868 1337 1950 G.)
1359 1867 1394 1931 τὸ

164 1960 381 2043 στρατόπεδον
414 1959 465 2022 διὰ
498 1960 645 2043 φυλακῆς
671 1998 709 2005 —-
733 1962 826 2043 ἔχων.
910 1959 961 2023 διὰ
994 1960 1140 2043 φυλακῆς
1156 1996 1205 2011 ,-
1230 1956 1326 2042 ἔχων]
1351 1957 1395 2022 Cf.
1475 1954 1478 1959 ¹

36 2127 40 2132 1
164 2050 205 2113 II.
229 2052 281 2112 81.
305 2052 485 2131 τεταγμένοι
506 2074 538 2112 τε
561 2050 743 2133 προσῄεσαν
766 2049 820 2113 καλ
844 2048 895 2113 διὰ
919 2049 1066 2133 φυλακῆς
1088 2049 1220 2131 ἔχοντες.
1319 2099 1320 2102 .

255 2138 327 2202 Vll.
353 2140 402 2202 10.
431 2139 449 2202 ὁ
478 2138 513 2202 δὲ
541 2138 745 2222 γραμματεὺς
771 2139 790 2202 ὁ
824 2139 896 2221 (om.
921 2159 995 2202 cum
1020 2141 1058 2202 A.
1083 2136 1120 2202 D.
1144 2139 1180 2201 ii.
1204 2137 1237 2201 F.
1262 2137 1309 2219 G.)
1341 2143 1396 2221 τῆς

165 2227 291 2298 πόλεως
314 2234 372 2292 ete.

259 2317 330 2380 VII.
357 2318 406 2379 11.
431 2319 459 2380 2.
483 2325 521 2401 τῇ
545 2317 574 2381 δ’
596 2317 744 2400 ὑστεραίᾳ
767 2318 819 2400 (sc.
843 2316 960 2401 μάχη]]
983 2325 1022 2400 τῇ
1046 2316 1075 2379 δ’
1098 2317 1213 2399 ὑστέρᾳ
1237 2314 1343 2380 Cobet.

264 2405 333 2470 VII.
353 2409 402 2469 12.
420 2408 448 2468 3.
473 2408 511 2470 οῦ
535 2406 596 2488 γὰρ
619 2409 817 2489 ἐφορμοῦσιν
840 2406 944 2476 ἄλλοις
967 2407 996 2489 (f.
1020 2405 1121 2478 ἄλλοι,
1145 2407 1201 2468 sed
1225 2406 1262 2468 cf.
1282 2405 1397 2488 supra).

267 2494 336 2559 VII.
362 2498 411 2558 13.
437 2498 464 2558 3.
497 2495 644 2583 ναυτικόν
670 2520 702 2558 τε
730 2495 786 2579 δὴ]
819 2496 966 2559 ναυτικόν
992 2519 1024 2558 τε
1050 2494 1113 2578 ἤδη
1141 2495 1242 2558 LinW.
1281 2492 1339 2569 Qu.
1362 2493 1397 2556 τὸ

170 2610 247 2650 ναυτ
264 2586 322 2649 κόν
344 2609 377 2649 τε
399 2586 471 2668 ῆῦη.
538 2587 588 2648 ἐπ’
612 2585 800 2666 αὐτομολίας
822 2585 981 2667 προφάσει
1004 2581 1207 2668 ἀπέρχονται]
1231 2583 1281 2646 ἐπ’
1304 2583 1397 2646 αῦτο-

168 2677 282 2758 νομίας
299 2713 340 2720 -
357 2675 448 2738 Kock
466 2673 538 2738 Ver.
562 2694 592 2757 p.
610 2676 683 2737 272.
708 2674 859 2737 Badham.
884 2673 933 2737 εἰτ’
956 2673 1170 2756 αἰχμαλωτίας
1193 2709 1234 2719 —
1260 2672 1398 2755 Madvig.

168 2764 261 2840 Quod
294 2767 352 2827 vix
384 2765 545 2827 satisfacit.
589 2762 647 2839 Qu.
680 2763 730 2826 ἐπὶ
760 2764 929 2846 ῦλουργίας
961 2766 1129 2845 (σιτισμοῦ,
1163 2767 1396 2845 φρυγανισμοῦ,

166 2855 349 2937 ῦλουργίας,
373 2854 578 2926 ξυλοκοπίας,
603 2854 826 2936 αῦτοτροφίας,
843 2853 1092 2936 αῦτοφορβίαςλ]
1110 2890 1164 2913 -.
1205 2849 1263 2926 Qu.
1287 2851 1395 2933 ἐπειδὴ

166 2944 253 3026 παρὰ
279 2945 411 3026 γνώμην
434 2942 490 3025 (ui)
514 2943 662 3006 ναυτικόν
683 2967 716 3006 τε
740 2942 778 3026 δὴ
804 2945 851 3023 (λ)
875 2943 929 3006 καλ
950 2942 1045 3006 τᾶλλα
1068 2940 1137 3025 (τὰ)
1160 2940 1225 3004 ἀπὸ
1248 2945 1313 3004 τῶν
1336 2964 1396 3003 πο-

166 3034 284 3114 λεμίων
307 3038 363 3096 θλυ.
432 3032 488 3096 εἶσὶ
512 3031 541 3095 δ’
565 3034 598 3095 οἳ
616 3031 670 3095 καὶ
685 3033 774 3095 αὐτοὶ
790 3033 899 3114 (αὐτοῦ
915 3036 1000 3097 recte
1016 3033 1054 3094 A.
1071 3029 1108 3094 D.
1125 3031 1160 3094 Ε.
1177 3031 1210 3094 F.
1228 3029 1275 3112 G.)
1294 3030 1396 3112 ἐμπο-

168 3123 337 3205 ρευόμενοι
359 3127 417 3186 etc.

256 3212 413 3274 Vl.14.1.
436 3212 568 3294 βραχεῖα
586 3209 673 3293 ἀκμὴ
695 3211 725 3292 (l.
741 3211 761 3293 ῆ
778 3210 879 3293 ἀκμὴ]
895 3210 1118 3294 πληρώματος.
1187 3211 1218 3272 oi
1233 3210 1397 3292 ἐξορμῶν-

167 3302 215 3371 τές
237 3326 269 3364 τε
292 3307 371 3364 ναῦν
394 3301 448 3363 καλ
472 3301 653 3382 ξυνέχοντες
680 3300 737 3382 τῆν
765 3299 910 3383 εἰρεσίαν]
939 3298 1015 3374 ‘Qui
1043 3304 1075 3362 ei
1102 3318 1216 3362 navem
1241 3317 1290 3361 ex.
1305 3304 1398 3381 portu

168 3393 199 3453 in
233 3409 321 3454 mare
353 3389 535 3474 propellunt
566 3394 597 3452 et
628 3390 813 3452 continuam
841 3389 1083 3472 remigationem
1112 3387 1282 3451 exercent)
1300 3441 1301 3446 ,
1320 3386 1345 3448 Ι.
1370 3407 1399 3468 q.

155 3483 284 3562 ξυνεχῆ
307 3481 431 3562 ἔχοντες
454 3484 509 3542 aut
536 3480 677 3561 ξυνεχῶς
698 3479 895 3561 μελετῶντες.
933 3476 957 3540 Ι.
982 3495 1008 3540 e.
1036 3495 1160 3559 semper
1182 3476 1216 3539 ἐν
1238 3475 1399 3558 μεταβολῇ

169 3576 252 3632 sunt.
292 3567 351 3644 Ωιι.
375 3571 491 3651 ξυνεχῆ
513 3570 637 3649 ἔχοντες
652 3567 708 3650 τὴν
725 3568 866 3650 εἰρεσίαν.
937 3567 975 3629 τά
997 3589 1030 3629 τε
1052 3566 1127 3629 ὄντα
1151 3565 1205 3628 καλ
1227 3565 1398 3628 ἀπαναλισ-

167 3658 306 3742 κόμενα]
339 3657 375 3721 τὰ
409 3659 483 3721 ὄντα
508 3695 550 3703 -
573 3656 609 3719 Ε.
655 3655 713 3732 Qu.
745 3656 782 3720 τὰ
814 3663 960 3740 πανταχῆ
992 3655 1231 3737 ἀναλισκόμενα.
1300 3654 1336 3717 τό
1368 3678 1400 3716 τε

167 3748 212 3830 μὴ
238 3747 354 3810 οἷόντε
370 3745 446 3810 εἶναι
461 3746 557 3810 ταῦτά
572 3771 628 3828 μοι
646 3747 657 3829 (
661 3770 717 3829 μοι
731 3747 867 3830 ταῦταῬ]
890 3747 1041 3810 κωλῦσαι.
1110 3748 1139 3807 2.
1165 3743 1399 3826 διαπεπολεμῆ-

168 3861 252 3900 σεται
275 3840 342 3921 (pro
365 3837 642 3919 ὀιοπολεμῆσεται)
665 3837 772 3906 αὐτοῖς
795 3836 826 3921 [ὃ
849 3834 1001 3919 πόλεμος]
1025 3833 1145 3917 Cobet,
1172 3835 1192 3897 i.
1217 3854 1243 3898 ο.
1270 3833 1400 3897 debel-

168 3927 290 3990 latum
314 3927 397 3990 erit.

260 4016 331 4079 VII.
358 4016 406 4077 15.
434 4016 461 4077 1.
484 4014 532 4084 ώς
555 4052 596 4060 -
619 4019 685 4078 τῶν
708 4019 908 4097 στρατιωτῶν
933 4011 1050 4097 -τῆν
1072 4011 1206 4094 γνωμῆν
1228 4010 1328 4095 ἔχετε]
1354 4011 1398 4075 cf.

168 4106 251 4169 Xen.
277 4103 348 4187 Dyr.
374 4104 396 4167 I.
422 4105 450 4167 6.
477 4105 525 4167 ll.
551 4104 598 4174 ώς
621 4105 701 4185 ἐμοῦ
724 4105 769 4187 μὴ
794 4104 1009 4187 ἀμελήσοντος
1036 4103 1140 4172 οὕτως
1162 4103 1215 4183 ἔχε
1237 4100 1293 4184 τῆν
1318 4102 1400 4183 γνώ-

168 4219 242 4277 μην.
266 4194 354 4258 VIII.
378 4196 408 4256 4.
433 4196 485 4256 22.
509 4192 610 4257 Anab.
634 4193 658 4255 Ι.
684 4195 712 4256 3.
737 4193 765 4254 6.
789 4193 836 4262 ῶς
859 4194 938 4274 ἐμοῦ
962 4192 1022 4274 μὲν
1044 4192 1146 4260 ἰόντος
1170 4226 1212 4236 -
1236 4190 1322 4252 οὕτω
1345 4189 1401 4272 τὴν

170 4286 304 4367 γνώμην
326 4285 419 4366 ἔχετε.
490 4282 541 4345 ὀιὰ
566 4282 662 4345 νόσον
685 4281 756 4364 (del.
779 4281 898 4364 Herw.)
921 4287 1066 4364 νεφρῖτιν.

260 4373 333 4451 VII.
358 4373 408 4435 16.
437 4373 464 4434 l.
498 4371 642 4454 στρατιὰν
666 4407 708 4416 —
732 4371 867 4453 πέμπειν
899 4370 1048 4455 ναυτικὴν
1081 4373 1144 4452 (αα.
1166 4367 1220 4431 καὶ
1253 4367 1402 4449 ναυτικὴν

171 4483 245 4527 oum
273 4463 311 4525 A.
336 4460 374 4525 D.
398 4462 433 4525 D.
457 4461 490 4524 F.
516 4461 564 4539 G.)
597 4460 650 4523 καὶ
683 4461 789 4543 πεζῆν.
835 4460 880 4523 cf.
908 4462 957 4523 15.
986 4459 1130 4542 στρατιὰν
1154 4495 1196 4504 -
1219 4457 1273 4520 καλ
1304 4456 1403 4539 πεζὴν

170 4552 225 4616 καὶ
247 4553 403 4634 ναυτικήν.

1147 4654 1189 4716 5*
