3510 5338
680 387 867 434 ιιισυιιιωιιε
1345 373 1387 434 55

136 552 300 628 στρατιᾶς
325 548 380 630 δέη
405 546 529 630 κοινᾶς]
554 545 612 623 Ωιι.
637 549 672 610 αι’
686 547 721 610 δέ
739 547 851 611 κόποι
867 548 1025 630 στρατείας
1048 548 1202 631 (στρατιάς
1217 550 1253 613 Ε.
1268 549 1314 631 F.)
1331 590 1386 614 —.

185 635 478 720 Λακεδαιμονίους
514 637 568 699 καί
599 637 760 719 Ἀργείους
802 636 1006 700 scribendum
1043 639 1223 722 suspicatur
1259 640 1387 704 Ahrens

136 725 218 789 Dor.
237 747 271 809 p.
295 727 367 789 170.
436 726 500 789 ὅπα
524 750 566 790 κα
584 725 761 790 δικαιότατα
781 727 947 809 κρίναντας
963 727 1162 810 (κρίνωντιῖ)
1178 734 1242 799 τοῖς
1258 730 1386 813 ξυμμά-

136 839 221 898 χοις.
306 814 390 899 Lege
422 816 527 878 ἅντινα
559 839 601 879 κα
630 854 672 862 -
702 815 802 899 δοκίη.
842 815 886 879 Of.
915 816 954 880 ad
978 815 1052 899 Lys.
1079 817 1172 879 1148.
1243 819 1271 880 3.
1295 819 1330 881 αι’
1351 819 1387 883 δέ

135 929 197 968 τινι
232 909 298 968 τᾶν
329 904 461 989 πολίων]
496 905 563 968 Imo
597 906 631 968 αι’
661 905 697 968 δέ
728 906 770 968 κά
798 929 854 968 τινι
879 942 933 966 -.
1001 905 1072 987 περὶ
1103 905 1200 969 ἀλλου
1229 906 1264 989 (1.
1288 907 1386 988 ἀλλω)

136 994 237 1065 τινός.
315 996 351 1057 αί
371 994 407 1058 δέ
430 994 459 1076 (λ.
484 996 518 1057 αἰ
539 994 575 1057 δέ
597 994 650 1074 κά)
673 1018 717 1064 τις
734 999 799 1057 τῶν
822 994 1002 1077 ξυμμάχων
1025 994 1115 1065 πόλις
1136 995 1225 1059 πόλει
1248 997 1278 1079 (l.
1302 997 1386 1078 πάλι)

137 1085 245 1165 ἐρίζοι
272 1084 306 1166 (l.
331 1083 458 1166 ε’ρίσδη).
527 1083 629 1147 ἐλθεῖν
652 1085 757 1147 άντινα
787 1085 857 1147 ἴσαν
881 1084 1002 1166 ἀμφοῖν
1024 1089 1090 1154 ταῖς
1112 1084 1231 1148 πολίεσι
1256 1085 1385 1171 δοκείοι]

138 1172 202 1248 Ωιι.
230 1173 333 1257 ἕλσὴν
364 1173 470 1237 ἀντινά
503 1196 544 1236 κα
578 1174 647 1236 ἴσαν
670 1173 791 1256 ἀμφοῖν
814 1179 879 1244 ταῖς
906 1173 1026 1236 πολίεσι
1049 1174 1197 1256 (πολίεσσι
1220 1175 1257 1238 Β.
1281 1175 1316 1238 Ε.
1340 1175 1385 1258 F.)

139 1263 241 1346 δοκίγγ
269 1263 396 1346 (δοκοίη
422 1260 477 1344 st).
547 1261 747 1346 δικάζεσθαι]
771 1261 855 1345 Lege
880 1262 1094 1326 δικάσδεσθαι.

238 1369 282 1432 V.
309 1370 360 1432 80.
387 1370 413 1432 1.
438 1369 615 1454 ἐγεγένητο]
640 1370 760 1451 ἐγένετο
783 1370 918 1452 requirit
940 1368 1061 1452 Herw.‚
1088 1370 1157 1435 coll.
1182 1389 1207 1433 ο.
1233 1371 1274 1434 78
1290 1391 1336 1455 sq.

239 1458 284 1520 V.
310 1461 361 1522 82.
386 1461 414 1522 3.
438 1458 593 1543 ἀγγέλων]
618 1458 808 1542 Corruptum
833 1479 874 1524 ex
893 1458 1045 1541 Ἀργείων
1064 1460 1236 1524 arbitratur
1251 1460 1385 1524 Bekker.

139 1548 337 1612 Delendum
366 1548 491 1612 videtur
520 1553 554 1612 ut
582 1548 842 1612 additamentum.
921 1549 950 1610 4.
978 1549 1120 1630 νομίζων
1147 1550 1294 1631 μέγιστον
1321 1549 1384 1634 [ἀν]

139 1643 232 1720 σφᾶς
264 1638 442 1720 ὠφελήσειν
470 1636 663 1701 Donaldson.
732 1637 872 1719 νομίζων
903 1638 1049 1719 μέγιστον
1081 1640 1121 1700 ἀν
1153 1638 1284 1721 (μέγιστ’
1308 1641 1385 1723 ἀνθ)

139 1732 232 1809 σφᾶς
259 1727 439 1810 ὠφελήσειν
462 1727 499 1808 (l.
523 1727 699 1810 ὠφελῆσαι,
728 1727 819 1789 utin
844 1725 879 1788 G.
904 1727 1003 1807 corn).
1071 1728 1091 1810 ἡ
1115 1726 1195 1790 κατὰ
1219 1728 1384 1793 θάλασσαν

141 1821 234 1900 σφᾶς
259 1816 340 1899 μετά
365 1816 482 1899 (ἀπδῖ)
506 1821 569 1880 τῶν
588 1815 770 1899 Ἀθηναίων
793 1814 944 1899 ἐπαγωγὴ
970 1821 1027 1879 etc.

239 1924 282 1986 V.
308 1925 360 1986 83.
386 1924 560 2006 1.ῦπὴρχε
593 1923 628 1987 δέ
659 1947 685 1986 τι
717 1923 823 1993 αὐτοῖς
854 1922 908 1986 καὶ
936 1921 984 2006 [ἐκ
1012 1928 1067 1986 τοῦ
1092 1922 1240 2007 Ἄργους]
1266 1923 1383 2005 Cobet„

142 2014 218 2078 coll.
251 2013 351 2078 schol.
384 2012 533 2077 αιἰτάθεντ
572 2013 607 2075 έκ
640 2018 695 2076 τοῦ
712 2013 856 2094 Ἄργους.
940 2013 968 2074 4.
997 2013 1193 2095 κατέκλησαν
1210 2050 1249 2058 --
1270 2013 1383 2077 Μακε-

143 2102 278 2186 δονίας]
304 2100 362 2178 Ωιι.
379 2102 561 2184 ἀπέκλησαν
585 2141 640 2164 -.
675 2101 718 2166 Of.
735 2100 828 2166 Dion.
854 2102 938 2166 Cass.
963 2100 1111 2166 XLVIII.
1129 2103 1179 2165 30.
1203 2103 1385 2167 ἀπέκλεισεν

144 2194 176 2256 οῖ
211 2192 271 2255 καί
304 2192 360 2276 τὴν
391 2192 557 2255 θάλατταν.
640 2191 836 2263 Μακεδόνας
864 2191 1041 2275 Ἀθηναῖοι,
1074 2190 1243 2274 Περδίκκᾳ
1275 2193 1383 2257 ἐπικα-

144 2282 280 2352 λοῦντες
311 2318 349 2326 --
381 2281 515 2345 Goeller.
548 2280 588 2343 ad
620 2279 714 2344 Dion.
743 2280 814 2344 Hal.
841 2281 880 2345 de
904 2281 936 2345 Ο.
961 2280 1000 2344 V.
1024 2301 1053 2364 p.
1080 2282 1165 2363 131.‚
1195 2282 1264 2344 coll.
1288 2283 1384 2347 schol.

145 2369 207 2446 Ωιι.
236 2409 279 2417 -
304 2369 473 2453 Περδίκκᾳ
505 2369 534 2433 δ’
558 2371 777 2441 ἐπικαλοῦντες
805 2376 876 2453 θέα,
909 2370 1034 2453 virgula
1061 2372 1164 2454 posita
1191 2377 1263 2455 post
1286 2371 1383 2458 Ἀθη-

144 2465 240 2524 ναῖοι.
264 2532 268 2538 ,
313 2461 433 2524 ἐκείνου
458 2460 639 2542 ἀπάραντος
662 2461 741 2542 (fort.
766 2460 804 2523 οῦ
827 2459 1005 2542 παρόντος).

241 2548 281 2612 V.
308 2551 359 2613 84.
384 2551 413 2611 2.
436 2547 586 2633 Λεσβίαιν
611 2549 645 2612 δὲ
670 2548 769 2633 δυοῖν]
793 2549 942 2631 Λεαβίαις
965 2586 1006 2594 -
1033 2550 1070 2612 Α.
1095 2548 1130 2611 Β.
1154 2548 1191 2612 Ε.
1213 2549 1246 2614 F.
1290 2549 1383 2616 Male.

146 2639 314 2704 Dicebant
338 2639 434 2703 Attici
462 2640 578 2722 ἡμέραι
606 2639 679 2721 (aut
701 2637 821 2721 ἡμέρα)
846 2637 919 2711 δύο,
952 2638 1008 2702 sed
1036 2638 1172 2722 ἡμέραιν
1196 2639 1293 2713 δυοῖν,
1317 2659 1383 2703 non

146 2730 289 2812 ἡμέραιν
313 2728 385 2802 δύο,
410 2733 467 2792 etc.

241 2837 282 2900 V.
307 2837 358 2899 89.
383 2837 411 2898 2.
435 2834 627 2920 πράσσουσι]
653 2832 711 2910 Ωιι.
734 2834 931 2898 ἐπιτάσσουσι
955 2871 1012 2899 -.

242 2927 283 2990 V.
309 2925 431 2989 90.1ta
458 2925 602 2989 Badham
634 2926 723 3007 ἴσμεν
754 2922 801 3008 (ἡι
828 2924 888 3007 μὲν
911 2924 946 2988 B.
975 2921 1067 3008 ἡιμεν
1089 2922 1123 2986 F.
1155 2925 1189 3007 ηῖ
1214 2948 1274 3006 μεν
1302 2923 1381 3009 Ε.ἡ

147 3015 209 3097 μὲν
234 3017 274 3079 A.
300 3013 335 3076 G.
368 3015 458 3097 ἡμεῖς
485 3015 582 3098 vulg.)
616 3014 655 3097 δὴ
688 3015 859 3098 νομίζομώ
890 3038 922 3077 τε
953 3014 1111 3097 χρὴσιμον
1143 3014 1277 3097 (ἀνάγκη
1312 3014 1382 3098 γὰρ,

149 3105 261 3188 ἐπειδὴ
296 3104 385 3186 ὑμεῖς
417 3105 519 3175 οὕτως
551 3104 727 3178 δπέθεσθε,
759 3103 846 3186 παρά
875 3101 910 3166 τδ
941 3102 1062 3166 δίκαιον
1085 3102 1120 3165 τδ
1144 3105 1310 3187 ξυμφέρον
1333 3105 1382 3168 λέ-

150 3195 227 3276 γειν]
253 3197 311 3257 etc.
378 3201 425 3276 τῷ
457 3193 504 3256 ἀεί
536 3194 569 3257 ἐν
601 3194 741 3275 κινδύνῳ
768 3194 946 3275 γιγνομένῳ
974 3192 1051 3255 εἶναι
1078 3191 1114 3255 τά
1144 3193 1248 3256 εἰκότα
1277 3194 1382 3258 δίκαια

150 3284 217 3365 (καί
242 3284 347 3348 δίκαια
375 3288 459 3347 recte
482 3283 517 3345 E.
543 3281 603 3364 9.),
635 3284 691 3346 καί
720 3306 746 3345 τι
778 3282 831 3345 καί
859 3281 945 3351 ἐντὸς
971 3287 1027 3344 τοῦ
1055 3282 1210 3365 ἀκριβοῦς
1236 3285 1383 3348 πείσοντά

151 3373 314 3454 (πείσαντά
338 3378 393 3436 aut
415 3371 603 3452 πείθοντάῖ)
626 3395 692 3434 τινα
715 3371 933 3454 ὠφεληθῆναι.

244 3479 283 3542 V.
308 3481 358 3543 91.
384 3482 410 3542 l.
435 3481 525 3563 ἡμεῖς
553 3478 587 3542 δὲ
615 3485 669 3561 τῆς
696 3478 850 3562 ἡμετέρας
878 3477 993 3559 ἀρχῆς,
1021 3479 1061 3559 ἢν
1088 3476 1142 3540 καί
1164 3479 1291 3561 παυθῇ,
1320 3480 1381 3542 οὐκ

152 3569 346 3653 ἀθυμοῦμεν
368 3569 425 3652 τὴν
447 3569 588 3651 τελευτὴν
612 3568 659 3651 (τῇ
682 3567 845 3650 τελευτῇῖ).
1242 3577 1244 3580 ’

245 3660 282 3722 V.
308 3661 358 3722 94.
382 3659 442 3722 οὐκ
466 3660 505 3721 ἂν
529 3658 674 3731 δέξαισθε
697 3657 856 3740 (δέξαισθε
878 3660 963 3720 recte
987 3654 1113 3734 (Βουτοῖ).

246 3748 281 3810 V.
307 3749 358 3811 95.
382 3749 420 3812 οῦ
454 3746 514 3830 γάρ
545 3753 695 3811 τοσοῦτον
727 3748 812 3829 ἡμᾶς
843 3745 971 3829 βλάπτει
999 3746 1019 3827 ἡ
1048 3745 1150 3828 ἔχθρα
1183 3745 1277 3827 ἡμῶν
1305 3745 1382 3810 ὅσον

153 3837 172 3919 ἡ
197 3839 284 3921 φιλία
307 3837 366 3920 μὲν
391 3839 419 3918 (f.
442 3835 532 3919 μετά)
555 3838 722 3907 ἀσθενείας
745 3835 803 3920 -]
831 3836 856 3900 I.
881 3855 906 3900 ο.
931 3836 969 3898 οῦ
994 3833 1055 3918 γὰρ
1078 3839 1228 3898 τοσοῦτον
1246 3836 1381 3900 -ὅσον

154 3927 173 4009 ἡ
198 3928 297 4009 φιλία·
322 3928 341 4010 ἡ
364 3927 424 4009 μὲν
448 3925 508 4008 γάρ
532 3927 617 4009 φιλία
642 3925 796 4010 (βλάπτει)
820 3925 986 3996 ἀσθενείας
1010 3930 1068 3989 ete.

243 4033 281 4096 V.
308 4035 357 4098 96.
382 4039 537 4098 σκοποῦσι
561 4033 590 4096 δ’
614 4070 655 4078 -
680 4031 788 4116 (παρὰ)
812 4032 847 4096 τὸ
872 4030 955 4102 εἰκός
978 4031 1130 4094 Badham.

243 4122 282 4187 V.
307 4124 357 4186 97.
382 4123 570 4206 δικαιώματι
594 4123 654 4205 γάρ
671 4121 872 4205 οὐδετέρους]
897 4121 1094 4202 δικαιώματα
1112 4157 1152 4164 -
1170 4139 1254 4182 unus
1270 4121 1381 4185 codex.

156 4209 250 4277 Unde
275 4213 472 4294 δικαιώματα
497 4212 558 4295 γάρ
582 4211 759 4293 οὐδετέροις
781 4216 881 4274 tentat
903 4208 1063 4274 Linwood.
1133 4213 1281 4292 νησιῶται
1304 4233 1380 4274 ναυ-

156 4302 323 4385 κρατόρων
351 4302 404 4366 καί
432 4302 650 4383 ἀσθενέστεροι
679 4301 794 4383 ἑτέρων
818 4300 920 4385 ὄντες]
950 4299 1008 4377 Ωιι.
1032 4303 1181 4383 νησιῶται
1203 4299 1380 4382 ναυκρατό-

156 4413 223 4472 ρων
247 4393 465 4475 ἀσθενέστεροι
488 4393 583 4462 όντες.

244 4482 283 4548 V.
308 4484 349 4545 98
366 4502 410 4566 sq.
436 4481 649 4567 μελλήσοντας
681 4479 842 4565 γενέσθαι]
873 4479 1045 4564 μέλλοντας
1077 4478 1264 4562 γενήσεσθαι
1295 4483 1381 4545 recte
