<?xml version="1.0" encoding="UTF-8"?>
<!DOCTYPE html PUBLIC "-//W3C//DTD XHTML 1.0 Transitional//EN"
    "http://www.w3.org/TR/xhtml1/DTD/xhtml1-transitional.dtd">
<html xmlns="http://www.w3.org/1999/xhtml" xml:lang="en" lang="en">
 <head>
  <title>
</title>
<meta http-equiv="Content-Type" content="text/html;charset=utf-8" />
  <meta name='ocr-system' content='tesseract 3.04.00' />
  <meta name='ocr-capabilities' content='ocr_page ocr_carea ocr_par ocr_line ocrx_word'/>
</head>
<body>
  <div class='ocr_page' id='page_1' title='image "./adversariainthu00blaygoog_0084.png"; bbox 0 0 3510 5338; ppageno 0'>
   <div class='ocr_carea' id='block_1_1' title="bbox 681 359 1390 424">
    <p class='ocr_par' dir='ltr' id='par_1_1' title="bbox 681 359 1390 424">
     <span class='ocr_line' id='line_1_1' title="bbox 681 359 1390 424; baseline -0.006 0"><span class='ocrx_word' id='word_1_1' title='bbox 681 380 867 424; x_wconf 77' lang='grc' dir='ltr'><strong><em>τετοτοωιιε</em></strong></span> <span class='ocrx_word' id='word_1_2' title='bbox 1350 359 1390 421; x_wconf 85' lang='grc'><strong><em>75</em></strong></span> 
     </span>
    </p>
   </div>
   <div class='ocr_carea' id='block_1_2' title="bbox 145 530 1449 4554">
    <p class='ocr_par' dir='ltr' id='par_1_2' title="bbox 163 530 1421 712">
     <span class='ocr_line' id='line_1_2' title="bbox 163 530 1421 622; baseline -0.004 -17"><span class='ocrx_word' id='word_1_3' title='bbox 163 544 264 616; x_wconf 82' lang='grc' dir='ltr'><strong><em>ζοντο,</em></strong></span> <span class='ocrx_word' id='word_1_4' title='bbox 289 545 345 604; x_wconf 70' lang='lat' dir='ltr'><strong><em>eto.</em></strong></span> <span class='ocrx_word' id='word_1_5' title='bbox 413 540 522 622; x_wconf 79' lang='grc' dir='ltr'><strong><em>λιμένα</em></strong></span> <span class='ocrx_word' id='word_1_6' title='bbox 548 577 587 585; x_wconf 85' lang='grc'><strong><em>-</em></strong></span> <span class='ocrx_word' id='word_1_7' title='bbox 613 541 724 621; x_wconf 80' lang='grc' dir='ltr'><strong><em>ἔχοντα</em></strong></span> <span class='ocrx_word' id='word_1_8' title='bbox 746 537 782 602; x_wconf 86' lang='grc' dir='ltr'><strong><em>τὸ</em></strong></span> <span class='ocrx_word' id='word_1_9' title='bbox 806 538 882 621; x_wconf 87' lang='lat' dir='ltr'><strong>(om.</strong></span> <span class='ocrx_word' id='word_1_10' title='bbox 901 537 939 601; x_wconf 89' lang='lat' dir='ltr'><strong><em>D.</em></strong></span> <span class='ocrx_word' id='word_1_11' title='bbox 963 539 1032 602; x_wconf 73' lang='lat' dir='ltr'><strong>fort.</strong></span> <span class='ocrx_word' id='word_1_12' title='bbox 1057 539 1156 617; x_wconf 80' lang='lat' dir='ltr'>recte)</span> <span class='ocrx_word' id='word_1_13' title='bbox 1180 538 1280 620; x_wconf 86' lang='grc' dir='ltr'><em>στόμα</em></span> <span class='ocrx_word' id='word_1_14' title='bbox 1305 536 1391 601; x_wconf 87' lang='grc' dir='ltr'><strong><em>ὀκτὼ</em></strong></span> <span class='ocrx_word' id='word_1_15' title='bbox 1418 530 1421 538; x_wconf 65' lang='grc'>’</span> 
     </span>
     <span class='ocr_line' id='line_1_3' title="bbox 163 630 463 712; baseline -0.007 -18"><span class='ocrx_word' id='word_1_16' title='bbox 163 631 300 694; x_wconf 80' lang='grc' dir='ltr'><strong><em>σταδίων</em></strong></span> <span class='ocrx_word' id='word_1_17' title='bbox 322 630 463 712; x_wconf 91' lang='grc' dir='ltr'><strong><em>μάλιστα.</em></strong></span> 
     </span>
    </p>

    <p class='ocr_par' dir='ltr' id='par_1_3' title="bbox 163 717 1449 981">
     <span class='ocr_line' id='line_1_4' title="bbox 252 717 1449 800; baseline -0.003 -18"><span class='ocrx_word' id='word_1_18' title='bbox 252 719 324 782; x_wconf 90' lang='lat' dir='ltr'><strong>VII.</strong></span> <span class='ocrx_word' id='word_1_19' title='bbox 350 720 400 782; x_wconf 87' lang='lat'><strong><em>60.</em></strong></span> <span class='ocrx_word' id='word_1_20' title='bbox 426 721 454 780; x_wconf 93' lang='grc'><strong><em>2,</em></strong></span> <span class='ocrx_word' id='word_1_21' title='bbox 477 717 531 781; x_wconf 84' lang='grc' dir='ltr'><strong><em>καί</em></strong></span> <span class='ocrx_word' id='word_1_22' title='bbox 555 717 683 781; x_wconf 82' lang='grc' dir='ltr'><strong><em>ἀυναταλ</em></strong></span> <span class='ocrx_word' id='word_1_23' title='bbox 706 717 760 780; x_wconf 87' lang='grc' dir='ltr'><strong><em>καὶ</em></strong></span> <span class='ocrx_word' id='word_1_24' title='bbox 782 718 964 800; x_wconf 79' lang='grc' dir='ltr'><em>ἀπλήρωτοι</em></span> <span class='ocrx_word' id='word_1_25' title='bbox 988 725 1056 800; x_wconf 88' lang='lat' dir='ltr'><strong>(pro</strong></span> <span class='ocrx_word' id='word_1_26' title='bbox 1077 717 1285 797; x_wconf 87' lang='grc' dir='ltr'><strong><em>ἀπλοώτεραι)</em></strong></span> <span class='ocrx_word' id='word_1_27' title='bbox 1309 717 1390 799; x_wconf 88' lang='lat' dir='ltr'><strong>conj.</strong></span> <span class='ocrx_word' id='word_1_28' title='bbox 1448 735 1449 738; x_wconf 74' lang='grc'>’</span> 
     </span>
     <span class='ocr_line' id='line_1_5' title="bbox 163 805 1391 890; baseline -0.003 -18"><span class='ocrx_word' id='word_1_29' title='bbox 163 809 315 873; x_wconf 83' lang='lat' dir='ltr'><strong>Badham.</strong></span> <span class='ocrx_word' id='word_1_30' title='bbox 384 811 413 870; x_wconf 90' lang='grc'><strong><em>4.</em></strong></span> <span class='ocrx_word' id='word_1_31' title='bbox 442 807 636 889; x_wconf 79' lang='grc' dir='ltr'><strong><em>ξυγκαλέσας</em></strong></span> <span class='ocrx_word' id='word_1_32' title='bbox 663 808 804 877; x_wconf 85' lang='grc' dir='ltr'><strong><em>ἅπαντας</em></strong></span> <span class='ocrx_word' id='word_1_33' title='bbox 835 806 1085 890; x_wconf 85' lang='grc' dir='ltr'><strong><em>παρεκελεύοατό</em></strong></span> <span class='ocrx_word' id='word_1_34' title='bbox 1115 805 1162 889; x_wconf 88' lang='grc' dir='ltr'><strong><em>[τε</em></strong></span> <span class='ocrx_word' id='word_1_35' title='bbox 1184 811 1314 889; x_wconf 85' lang='grc' dir='ltr'><strong><em>πρῶτον</em></strong></span> <span class='ocrx_word' id='word_1_36' title='bbox 1337 805 1391 869; x_wconf 81' lang='grc' dir='ltr'><strong><em>καί</em></strong></span> 
     </span>
     <span class='ocr_line' id='line_1_6' title="bbox 163 895 810 981; baseline -0.005 -19"><span class='ocrx_word' id='word_1_37' title='bbox 163 897 263 981; x_wconf 81' lang='grc' dir='ltr'><strong><em>ἔλεξε]</em></strong></span> <span class='ocrx_word' id='word_1_38' title='bbox 287 897 392 962; x_wconf 82' lang='grc' dir='ltr'><strong><em>τοιάάε</em></strong></span> <span class='ocrx_word' id='word_1_39' title='bbox 414 898 521 962; x_wconf 87' lang='lat' dir='ltr'><strong>Herw.</strong></span> <span class='ocrx_word' id='word_1_40' title='bbox 561 897 605 960; x_wconf 80' lang='lat' dir='ltr'><strong><em>Of.</em></strong></span> <span class='ocrx_word' id='word_1_41' title='bbox 631 897 670 961; x_wconf 84' lang='lat' dir='ltr'><strong><em>ad</em></strong></span> <span class='ocrx_word' id='word_1_42' title='bbox 693 895 734 960; x_wconf 91' lang='grc' dir='ltr'><strong>Π.</strong></span> <span class='ocrx_word' id='word_1_43' title='bbox 759 897 810 959; x_wconf 90' lang='grc'><strong><em>86,</em></strong></span> 
     </span>
    </p>

    <p class='ocr_par' dir='ltr' id='par_1_4' title="bbox 164 985 1392 1248">
     <span class='ocr_line' id='line_1_7' title="bbox 252 985 1392 1069; baseline 0 -21"><span class='ocrx_word' id='word_1_44' title='bbox 252 986 439 1051; x_wconf 75' lang='lat' dir='ltr'><strong>V11.61.1.</strong></span> <span class='ocrx_word' id='word_1_45' title='bbox 463 986 573 1050; x_wconf 77' lang='lat' dir='ltr'>Scribe</span> <span class='ocrx_word' id='word_1_46' title='bbox 597 986 615 1049; x_wconf 89' lang='grc' dir='ltr'><strong><em>ό</em></strong></span> <span class='ocrx_word' id='word_1_47' title='bbox 637 985 697 1069; x_wconf 83' lang='grc' dir='ltr'><strong><em>μὲν</em></strong></span> <span class='ocrx_word' id='word_1_48' title='bbox 720 985 871 1067; x_wconf 85' lang='grc' dir='ltr'><strong><em>ἀγὼν-</em></strong></span> <span class='ocrx_word' id='word_1_49' title='bbox 891 990 999 1056; x_wconf 88' lang='grc' dir='ltr'><strong><em>κοῖνος</em></strong></span> <span class='ocrx_word' id='word_1_50' title='bbox 1021 986 1137 1049; x_wconf 82' lang='grc' dir='ltr'><strong><em>ἅπασιν</em></strong></span> <span class='ocrx_word' id='word_1_51' title='bbox 1160 986 1243 1048; x_wconf 82' lang='grc' dir='ltr'><strong><em>ἔσται</em></strong></span> <span class='ocrx_word' id='word_1_52' title='bbox 1265 985 1339 1067; x_wconf 92' lang='grc' dir='ltr'><strong><em>περί</em></strong></span> <span class='ocrx_word' id='word_1_53' title='bbox 1360 1009 1392 1048; x_wconf 89' lang='grc' dir='ltr'><strong><em>τε</em></strong></span> 
     </span>
     <span class='ocr_line' id='line_1_8' title="bbox 164 1073 1391 1160; baseline -0.002 -20"><span class='ocrx_word' id='word_1_54' title='bbox 164 1077 321 1160; x_wconf 81' lang='grc' dir='ltr'><strong><em>σωτηρίας</em></strong></span> <span class='ocrx_word' id='word_1_55' title='bbox 344 1081 402 1140; x_wconf 81' lang='lat' dir='ltr'><strong>eto.</strong></span> <span class='ocrx_word' id='word_1_56' title='bbox 471 1076 532 1139; x_wconf 80' lang='grc' dir='ltr'><strong><em>ἔστι</em></strong></span> <span class='ocrx_word' id='word_1_57' title='bbox 554 1099 600 1157; x_wconf 82' lang='grc' dir='ltr'><strong><em>τῳ</em></strong></span> <span class='ocrx_word' id='word_1_58' title='bbox 624 1074 684 1158; x_wconf 97' lang='grc'><strong><em>-]</em></strong></span> <span class='ocrx_word' id='word_1_59' title='bbox 712 1073 821 1139; x_wconf 81' lang='lat' dir='ltr'><strong>Scribe</strong></span> <span class='ocrx_word' id='word_1_60' title='bbox 845 1076 929 1138; x_wconf 81' lang='grc' dir='ltr'><strong><em>ἔσται</em></strong></span> <span class='ocrx_word' id='word_1_61' title='bbox 950 1099 996 1157; x_wconf 86' lang='grc' dir='ltr'><strong><em>τῳ</em></strong></span> <span class='ocrx_word' id='word_1_62' title='bbox 1020 1113 1075 1138; x_wconf 24' lang='grc' dir='ltr'><strong>-Ᾰ.</strong></span> <span class='ocrx_word' id='word_1_63' title='bbox 1149 1077 1177 1136; x_wconf 95' lang='grc'><strong>2.</strong></span> <span class='ocrx_word' id='word_1_64' title='bbox 1202 1075 1279 1137; x_wconf 90' lang='grc' dir='ltr'><strong><em>ὅσον</em></strong></span> <span class='ocrx_word' id='word_1_65' title='bbox 1303 1073 1391 1137; x_wconf 78' lang='grc' dir='ltr'><strong><em>αὐτοὶ</em></strong></span> 
     </span>
     <span class='ocr_line' id='line_1_9' title="bbox 164 1164 929 1248; baseline -0.004 -18"><span class='ocrx_word' id='word_1_66' title='bbox 164 1166 307 1248; x_wconf 51' lang='lat' dir='ltr'><strong><em>(abram)</em></strong></span> <span class='ocrx_word' id='word_1_67' title='bbox 330 1167 424 1248; x_wconf 83' lang='grc' dir='ltr'><strong><em>ὑμῶν</em></strong></span> <span class='ocrx_word' id='word_1_68' title='bbox 447 1166 553 1228; x_wconf 81' lang='grc' dir='ltr'><strong><em>αὐτῶν</em></strong></span> <span class='ocrx_word' id='word_1_69' title='bbox 577 1165 718 1247; x_wconf 81' lang='grc' dir='ltr'><strong><em>ἐφορᾶτε.</em></strong></span> <span class='ocrx_word' id='word_1_70' title='bbox 758 1164 802 1228; x_wconf 80' lang='lat' dir='ltr'><strong><em>Of.</em></strong></span> <span class='ocrx_word' id='word_1_71' title='bbox 827 1185 929 1248; x_wconf 83' lang='lat' dir='ltr'><strong>supra.</strong></span> 
     </span>
    </p>

    <p class='ocr_par' dir='ltr' id='par_1_5' title="bbox 163 1252 1392 1517">
     <span class='ocr_line' id='line_1_10' title="bbox 255 1252 1392 1336; baseline -0.003 -17"><span class='ocrx_word' id='word_1_72' title='bbox 255 1255 326 1319; x_wconf 89' lang='lat' dir='ltr'><strong>VII.</strong></span> <span class='ocrx_word' id='word_1_73' title='bbox 352 1256 404 1318; x_wconf 84' lang='lat'><strong><em>62.</em></strong></span> <span class='ocrx_word' id='word_1_74' title='bbox 431 1255 458 1317; x_wconf 90' lang='grc'><strong>1.</strong></span> <span class='ocrx_word' id='word_1_75' title='bbox 482 1255 583 1317; x_wconf 89' lang='grc' dir='ltr'><strong><em>πάντα</em></strong></span> <span class='ocrx_word' id='word_1_76' title='bbox 606 1254 660 1316; x_wconf 82' lang='grc' dir='ltr'><strong><em>καί</em></strong></span> <span class='ocrx_word' id='word_1_77' title='bbox 684 1254 777 1336; x_wconf 70' lang='grc' dir='ltr'><strong><em>(ἀὴλ)</em></strong></span> <span class='ocrx_word' id='word_1_78' title='bbox 800 1256 875 1335; x_wconf 81' lang='grc' dir='ltr'><strong><em>ἡμῖν</em></strong></span> <span class='ocrx_word' id='word_1_79' title='bbox 898 1259 955 1316; x_wconf 84' lang='grc' dir='ltr'><strong><em>νῦν</em></strong></span> <span class='ocrx_word' id='word_1_80' title='bbox 978 1258 1036 1318; x_wconf 74' lang='lat' dir='ltr'><strong><em>etc.</em></strong></span> <span class='ocrx_word' id='word_1_81' title='bbox 1104 1255 1133 1316; x_wconf 92' lang='grc'><strong><em>4.</em></strong></span> <span class='ocrx_word' id='word_1_82' title='bbox 1158 1254 1261 1323; x_wconf 86' lang='grc' dir='ltr'><strong><em>ἄλλως</em></strong></span> <span class='ocrx_word' id='word_1_83' title='bbox 1283 1277 1315 1315; x_wconf 90' lang='grc' dir='ltr'><strong><em>τε</em></strong></span> <span class='ocrx_word' id='word_1_84' title='bbox 1338 1252 1392 1316; x_wconf 82' lang='grc' dir='ltr'><strong><em>καί</em></strong></span> 
     </span>
     <span class='ocr_line' id='line_1_11' title="bbox 163 1342 1391 1428; baseline -0.003 -20"><span class='ocrx_word' id='word_1_85' title='bbox 163 1352 219 1427; x_wconf 83' lang='grc' dir='ltr'><strong><em>τῆς</em></strong></span> <span class='ocrx_word' id='word_1_86' title='bbox 242 1352 300 1428; x_wconf 84' lang='grc' dir='ltr'><strong><em>γῆς</em></strong></span> <span class='ocrx_word' id='word_1_87' title='bbox 322 1343 404 1427; x_wconf 85' lang='grc' dir='ltr'><strong><em>πλὴν</em></strong></span> <span class='ocrx_word' id='word_1_88' title='bbox 427 1343 504 1407; x_wconf 81' lang='grc' dir='ltr'><strong><em>ὅσον</em></strong></span> <span class='ocrx_word' id='word_1_89' title='bbox 527 1345 566 1406; x_wconf 83' lang='grc' dir='ltr'><strong><em>ἂν</em></strong></span> <span class='ocrx_word' id='word_1_90' title='bbox 590 1343 608 1406; x_wconf 86' lang='grc' dir='ltr'>ὁ</span> <span class='ocrx_word' id='word_1_91' title='bbox 631 1342 726 1417; x_wconf 87' lang='grc' dir='ltr'><strong><em>πεζὸς</em></strong></span> <span class='ocrx_word' id='word_1_92' title='bbox 749 1345 844 1424; x_wconf 82' lang='grc' dir='ltr'><strong><em>ἡμῶν</em></strong></span> <span class='ocrx_word' id='word_1_93' title='bbox 867 1344 964 1425; x_wconf 80' lang='grc' dir='ltr'><strong><em>ἓπέχη</em></strong></span> <span class='ocrx_word' id='word_1_94' title='bbox 981 1343 1099 1425; x_wconf 79' lang='grc' dir='ltr'><strong><em>(ἐπέχει</em></strong></span> <span class='ocrx_word' id='word_1_95' title='bbox 1114 1342 1149 1405; x_wconf 81' lang='grc' dir='ltr'><strong>Ε.</strong></span> <span class='ocrx_word' id='word_1_96' title='bbox 1167 1343 1215 1425; x_wconf 82' lang='lat' dir='ltr'><strong><em>F.)</em></strong></span> <span class='ocrx_word' id='word_1_97' title='bbox 1238 1342 1391 1423; x_wconf 80' lang='grc' dir='ltr'><strong><em>πολεμίας</em></strong></span> 
     </span>
     <span class='ocr_line' id='line_1_12' title="bbox 165 1432 1149 1517; baseline -0.004 -19"><span class='ocrx_word' id='word_1_98' title='bbox 165 1436 271 1517; x_wconf 82' lang='grc' dir='ltr'><strong><em>οὔσης.</em></strong></span> <span class='ocrx_word' id='word_1_99' title='bbox 310 1435 393 1498; x_wconf 77' lang='lat' dir='ltr'><strong>Fort.</strong></span> <span class='ocrx_word' id='word_1_100' title='bbox 418 1471 459 1478; x_wconf 95' lang='lat'><strong>—</strong></span> <span class='ocrx_word' id='word_1_101' title='bbox 483 1433 564 1515; x_wconf 82' lang='grc' dir='ltr'><strong><em>πλὴν</em></strong></span> <span class='ocrx_word' id='word_1_102' title='bbox 588 1433 664 1496; x_wconf 89' lang='grc' dir='ltr'><strong><em>όσον</em></strong></span> <span class='ocrx_word' id='word_1_103' title='bbox 688 1433 706 1496; x_wconf 88' lang='grc' dir='ltr'><strong><em>ό</em></strong></span> <span class='ocrx_word' id='word_1_104' title='bbox 729 1432 825 1506; x_wconf 88' lang='grc' dir='ltr'><strong><em>πεζὸς</em></strong></span> <span class='ocrx_word' id='word_1_105' title='bbox 847 1433 942 1515; x_wconf 83' lang='grc' dir='ltr'><strong><em>ἡμῶν</em></strong></span> <span class='ocrx_word' id='word_1_106' title='bbox 966 1432 1068 1514; x_wconf 78' lang='grc' dir='ltr'><strong><em>ἐπέχει</em></strong></span> <span class='ocrx_word' id='word_1_107' title='bbox 1091 1437 1149 1495; x_wconf 83' lang='lat' dir='ltr'><strong>etc.</strong></span> 
     </span>
    </p>

    <p class='ocr_par' dir='ltr' id='par_1_6' title="bbox 164 1518 1394 1856">
     <span class='ocr_line' id='line_1_13' title="bbox 254 1518 1393 1602; baseline 0 -18"><span class='ocrx_word' id='word_1_108' title='bbox 254 1522 326 1586; x_wconf 86' lang='lat' dir='ltr'><strong>VII.</strong></span> <span class='ocrx_word' id='word_1_109' title='bbox 352 1524 402 1586; x_wconf 82' lang='lat'><strong><em>63.</em></strong></span> <span class='ocrx_word' id='word_1_110' title='bbox 428 1524 456 1584; x_wconf 90' lang='lat'><strong><em>3.</em></strong></span> <span class='ocrx_word' id='word_1_111' title='bbox 489 1521 657 1586; x_wconf 78' lang='lat' dir='ltr'><strong>Meliorum</strong></span> <span class='ocrx_word' id='word_1_112' title='bbox 691 1522 838 1586; x_wconf 79' lang='lat' dir='ltr'>codicum</span> <span class='ocrx_word' id='word_1_113' title='bbox 869 1521 1039 1586; x_wconf 80' lang='lat' dir='ltr'>lectionem</span> <span class='ocrx_word' id='word_1_114' title='bbox 1072 1521 1204 1591; x_wconf 77' lang='grc' dir='ltr'><strong><em>δικαίως</em></strong></span> <span class='ocrx_word' id='word_1_115' title='bbox 1232 1523 1271 1584; x_wconf 84' lang='grc' dir='ltr'><strong><em>ἂν</em></strong></span> <span class='ocrx_word' id='word_1_116' title='bbox 1295 1518 1393 1602; x_wconf 85' lang='grc' dir='ltr'><strong><em>αὐτὴν</em></strong></span> 
     </span>
     <span class='ocr_line' id='line_1_14' title="bbox 164 1609 1394 1696; baseline -0.004 -19"><span class='ocrx_word' id='word_1_117' title='bbox 164 1619 222 1677; x_wconf 80' lang='grc' dir='ltr'><strong><em>νῦν</em></strong></span> <span class='ocrx_word' id='word_1_118' title='bbox 244 1613 289 1696; x_wconf 84' lang='grc' dir='ltr'><strong><em>μὴ</em></strong></span> <span class='ocrx_word' id='word_1_119' title='bbox 314 1611 574 1694; x_wconf 83' lang='grc' dir='ltr'><strong><em>κατοπροόίάοιτε</em></strong></span> <span class='ocrx_word' id='word_1_120' title='bbox 600 1611 721 1693; x_wconf 82' lang='lat' dir='ltr'>injuria</span> <span class='ocrx_word' id='word_1_121' title='bbox 747 1616 854 1674; x_wconf 80' lang='lat' dir='ltr'>tuetur</span> <span class='ocrx_word' id='word_1_122' title='bbox 876 1611 1013 1690; x_wconf 71' lang='lat' dir='ltr'><strong>Madvig.</strong></span> <span class='ocrx_word' id='word_1_123' title='bbox 1083 1612 1110 1672; x_wconf 83' lang='lat'><strong><em>2.</em></strong></span> <span class='ocrx_word' id='word_1_124' title='bbox 1135 1611 1256 1693; x_wconf 80' lang='grc' dir='ltr'><strong><em>ἐκείνην</em></strong></span> <span class='ocrx_word' id='word_1_125' title='bbox 1278 1635 1310 1673; x_wconf 94' lang='grc' dir='ltr'><strong><em>τε</em></strong></span> <span class='ocrx_word' id='word_1_126' title='bbox 1338 1609 1394 1691; x_wconf 82' lang='grc' dir='ltr'><strong><em>τὴν</em></strong></span> 
     </span>
     <span class='ocr_line' id='line_1_15' title="bbox 165 1699 1392 1786; baseline -0.004 -20"><span class='ocrx_word' id='word_1_127' title='bbox 165 1702 286 1786; x_wconf 76' lang='grc' dir='ltr'><strong><em>ἡδονὴν</em></strong></span> <span class='ocrx_word' id='word_1_128' title='bbox 302 1701 510 1783; x_wconf 76' lang='grc' dir='ltr'><strong><em>ἐνθυμεῖσθαι</em></strong></span> <span class='ocrx_word' id='word_1_129' title='bbox 526 1701 573 1770; x_wconf 85' lang='grc' dir='ltr'><strong><em>ὡς</em></strong></span> <span class='ocrx_word' id='word_1_130' title='bbox 591 1700 662 1774; x_wconf 86' lang='grc' dir='ltr'><strong><em>ἀξία</em></strong></span> <span class='ocrx_word' id='word_1_131' title='bbox 681 1699 742 1764; x_wconf 76' lang='grc' dir='ltr'><strong><em>ἐστὶ</em></strong></span> <span class='ocrx_word' id='word_1_132' title='bbox 758 1700 858 1783; x_wconf 88' lang='grc' dir='ltr'><strong><em>(ἄξιόν</em></strong></span> <span class='ocrx_word' id='word_1_133' title='bbox 874 1700 968 1780; x_wconf 70' lang='grc' dir='ltr'><strong><em>ἕστιῗ)</em></strong></span> <span class='ocrx_word' id='word_1_134' title='bbox 986 1700 1214 1764; x_wconf 85' lang='grc' dir='ltr'><strong><em>ἀιασώσασθαι.</em></strong></span> <span class='ocrx_word' id='word_1_135' title='bbox 1274 1699 1392 1782; x_wconf 90' lang='grc' dir='ltr'><strong><em>πλεῖον]</em></strong></span> 
     </span>
     <span class='ocr_line' id='line_1_16' title="bbox 165 1791 430 1856; baseline -0.011 -1"><span class='ocrx_word' id='word_1_136' title='bbox 165 1793 262 1855; x_wconf 82' lang='grc' dir='ltr'><strong><em>πλέον</em></strong></span> <span class='ocrx_word' id='word_1_137' title='bbox 285 1795 370 1856; x_wconf 81' lang='lat' dir='ltr'>recte</span> <span class='ocrx_word' id='word_1_138' title='bbox 393 1791 430 1854; x_wconf 93' lang='lat' dir='ltr'><strong><em>B.</em></strong></span> 
     </span>
    </p>

    <p class='ocr_par' dir='ltr' id='par_1_7' title="bbox 145 1876 1393 2141">
     <span class='ocr_line' id='line_1_17' title="bbox 145 1876 1393 1962; baseline -0.004 -18"><span class='ocrx_word' id='word_1_139' title='bbox 145 1924 147 1928; x_wconf 93' lang='lat'>-</span> <span class='ocrx_word' id='word_1_140' title='bbox 254 1880 326 1944; x_wconf 85' lang='lat' dir='ltr'><strong>VII.</strong></span> <span class='ocrx_word' id='word_1_141' title='bbox 352 1881 402 1943; x_wconf 82' lang='lat'><strong><em>65.</em></strong></span> <span class='ocrx_word' id='word_1_142' title='bbox 425 1878 480 1949; x_wconf 85' lang='grc' dir='ltr'><strong><em>τὰς</em></strong></span> <span class='ocrx_word' id='word_1_143' title='bbox 508 1877 568 1962; x_wconf 90' lang='grc' dir='ltr'><strong><em>γάρ</em></strong></span> <span class='ocrx_word' id='word_1_144' title='bbox 596 1879 730 1960; x_wconf 79' lang='grc' dir='ltr'><strong><em>πρώρας</em></strong></span> <span class='ocrx_word' id='word_1_145' title='bbox 757 1879 810 1942; x_wconf 86' lang='grc' dir='ltr'><strong><em>καὶ</em></strong></span> <span class='ocrx_word' id='word_1_146' title='bbox 836 1885 892 1961; x_wconf 84' lang='grc' dir='ltr'><strong><em>τῆς</em></strong></span> <span class='ocrx_word' id='word_1_147' title='bbox 919 1879 953 1962; x_wconf 91' lang='lat' dir='ltr'><strong><em>(l.</em></strong></span> <span class='ocrx_word' id='word_1_148' title='bbox 977 1878 1013 1941; x_wconf 87' lang='grc' dir='ltr'><strong><em>τὰ</em></strong></span> <span class='ocrx_word' id='word_1_149' title='bbox 1036 1879 1106 1961; x_wconf 86' lang='grc' dir='ltr'><strong><em>τῆς)</em></strong></span> <span class='ocrx_word' id='word_1_150' title='bbox 1134 1876 1215 1947; x_wconf 85' lang='grc' dir='ltr'><strong><em>νεὼς</em></strong></span> <span class='ocrx_word' id='word_1_151' title='bbox 1243 1879 1311 1941; x_wconf 85' lang='grc' dir='ltr'><strong><em>ἀνω</em></strong></span> <span class='ocrx_word' id='word_1_152' title='bbox 1335 1881 1393 1941; x_wconf 80' lang='lat' dir='ltr'><strong>ete.</strong></span> 
     </span>
     <span class='ocr_line' id='line_1_18' title="bbox 212 1966 1393 2050; baseline -0.004 -16"><span class='ocrx_word' id='word_1_153' title='bbox 212 1971 302 2040; x_wconf 88' lang='grc' dir='ltr'><strong><em>ὅπως</em></strong></span> <span class='ocrx_word' id='word_1_154' title='bbox 328 1972 368 2033; x_wconf 85' lang='grc' dir='ltr'><strong><em>ἂν</em></strong></span> <span class='ocrx_word' id='word_1_155' title='bbox 396 1969 470 2050; x_wconf 81' lang='lat' dir='ltr'><strong>(del.</strong></span> <span class='ocrx_word' id='word_1_156' title='bbox 494 1971 545 2048; x_wconf 83' lang='grc' dir='ltr'><strong><em>ἂν)</em></strong></span> <span class='ocrx_word' id='word_1_157' title='bbox 573 1969 791 2032; x_wconf 82' lang='grc' dir='ltr'><strong><em>ἀπολισθάνοι.</em></strong></span> <span class='ocrx_word' id='word_1_158' title='bbox 830 1967 900 2031; x_wconf 86' lang='lat' dir='ltr'>Nisi</span> <span class='ocrx_word' id='word_1_159' title='bbox 928 1969 1008 2031; x_wconf 79' lang='lat' dir='ltr'><strong>forte</strong></span> <span class='ocrx_word' id='word_1_160' title='bbox 1035 1967 1142 2050; x_wconf 85' lang='lat' dir='ltr'>potius</span> <span class='ocrx_word' id='word_1_161' title='bbox 1171 1966 1393 2050; x_wconf 81' lang='lat' dir='ltr'>corrigendum</span> 
     </span>
     <span class='ocr_line' id='line_1_19' title="bbox 167 2057 1262 2141; baseline -0.005 -18"><span class='ocrx_word' id='word_1_162' title='bbox 167 2061 258 2130; x_wconf 83' lang='grc' dir='ltr'><strong><em>ὅπως</em></strong></span> <span class='ocrx_word' id='word_1_163' title='bbox 280 2062 319 2123; x_wconf 85' lang='grc' dir='ltr'><strong><em>ἂν</em></strong></span> <span class='ocrx_word' id='word_1_164' title='bbox 343 2059 542 2140; x_wconf 85' lang='grc' dir='ltr'><strong><em>ἀπολισθάνη</em></strong></span> <span class='ocrx_word' id='word_1_165' title='bbox 568 2096 610 2105; x_wconf 84' lang='grc'>-</span> <span class='ocrx_word' id='word_1_166' title='bbox 634 2059 690 2141; x_wconf 81' lang='grc' dir='ltr'><strong><em>ἔχη</em></strong></span> <span class='ocrx_word' id='word_1_167' title='bbox 715 2061 771 2121; x_wconf 71' lang='lat' dir='ltr'><strong>eto.</strong></span> <span class='ocrx_word' id='word_1_168' title='bbox 812 2058 858 2122; x_wconf 83' lang='lat' dir='ltr'><strong><em>cf.</em></strong></span> <span class='ocrx_word' id='word_1_169' title='bbox 877 2058 922 2121; x_wconf 83' lang='lat' dir='ltr'><strong><em>&#39;ad</em></strong></span> <span class='ocrx_word' id='word_1_170' title='bbox 945 2057 1063 2121; x_wconf 85' lang='lat' dir='ltr'><strong>Herod.</strong></span> <span class='ocrx_word' id='word_1_171' title='bbox 1087 2057 1110 2120; x_wconf 93' lang='grc' dir='ltr'><strong>Ι.</strong></span> <span class='ocrx_word' id='word_1_172' title='bbox 1137 2058 1186 2119; x_wconf 85' lang='grc'><strong>75.</strong></span> <span class='ocrx_word' id='word_1_173' title='bbox 1213 2058 1262 2120; x_wconf 88' lang='grc'><strong>99.</strong></span> 
     </span>
    </p>

    <p class='ocr_par' dir='ltr' id='par_1_8' title="bbox 256 2145 1394 2230">
     <span class='ocr_line' id='line_1_20' title="bbox 256 2145 1394 2230; baseline -0.002 -21"><span class='ocrx_word' id='word_1_174' title='bbox 256 2148 326 2213; x_wconf 80' lang='lat' dir='ltr'><strong>VII.</strong></span> <span class='ocrx_word' id='word_1_175' title='bbox 344 2149 394 2210; x_wconf 83' lang='lat'><strong><em>66.</em></strong></span> <span class='ocrx_word' id='word_1_176' title='bbox 412 2151 440 2210; x_wconf 90' lang='grc'><strong><em>2.</em></strong></span> <span class='ocrx_word' id='word_1_177' title='bbox 465 2147 515 2210; x_wconf 81' lang='grc' dir='ltr'><strong><em>ε’πί</em></strong></span> <span class='ocrx_word' id='word_1_178' title='bbox 536 2153 592 2229; x_wconf 86' lang='grc' dir='ltr'><strong><em>τῆς</em></strong></span> <span class='ocrx_word' id='word_1_179' title='bbox 619 2149 671 2230; x_wconf 83' lang='grc' dir='ltr'><strong><em>(τῇ</em></strong></span> <span class='ocrx_word' id='word_1_180' title='bbox 695 2146 731 2210; x_wconf 78' lang='lat' dir='ltr'><strong><em>G.</em></strong></span> <span class='ocrx_word' id='word_1_181' title='bbox 756 2166 833 2211; x_wconf 87' lang='lat' dir='ltr'><strong>corr.</strong></span> <span class='ocrx_word' id='word_1_182' title='bbox 858 2149 957 2228; x_wconf 76' lang='lat' dir='ltr'>recte)</span> <span class='ocrx_word' id='word_1_183' title='bbox 981 2146 1127 2216; x_wconf 87' lang='grc' dir='ltr'><strong><em>Σικελίας</em></strong></span> <span class='ocrx_word' id='word_1_184' title='bbox 1150 2145 1394 2209; x_wconf 83' lang='grc' dir='ltr'><strong><em>καταάουλώσει.</em></strong></span> 
     </span>
    </p>

    <p class='ocr_par' dir='ltr' id='par_1_9' title="bbox 211 2235 1394 2321">
     <span class='ocr_line' id='line_1_21' title="bbox 211 2235 1394 2321; baseline -0.003 -21"><span class='ocrx_word' id='word_1_185' title='bbox 211 2238 313 2321; x_wconf 78' lang='grc' dir='ltr'><strong><em>ἀρχὴν</em></strong></span> <span class='ocrx_word' id='word_1_186' title='bbox 335 2237 391 2321; x_wconf 84' lang='grc' dir='ltr'><strong><em>τὴν</em></strong></span> <span class='ocrx_word' id='word_1_187' title='bbox 414 2237 476 2320; x_wconf 83' lang='grc' dir='ltr'><strong><em>ἤθη</em></strong></span> <span class='ocrx_word' id='word_1_188' title='bbox 500 2238 647 2319; x_wconf 82' lang='grc' dir='ltr'><strong><em>μεγίστην</em></strong></span> <span class='ocrx_word' id='word_1_189' title='bbox 670 2237 700 2316; x_wconf 78' lang='lat' dir='ltr'><strong><em>(l.</em></strong></span> <span class='ocrx_word' id='word_1_190' title='bbox 718 2236 757 2319; x_wconf 76' lang='grc' dir='ltr'><strong><em>δὴ</em></strong></span> <span class='ocrx_word' id='word_1_191' title='bbox 781 2237 928 2318; x_wconf 83' lang='grc' dir='ltr'><strong><em>μεγίστην</em></strong></span> <span class='ocrx_word' id='word_1_192' title='bbox 952 2240 1009 2299; x_wconf 79' lang='lat' dir='ltr'><strong><em>aut</em></strong></span> <span class='ocrx_word' id='word_1_193' title='bbox 1026 2235 1174 2318; x_wconf 89' lang='grc' dir='ltr'><strong><em>μεγίστην</em></strong></span> <span class='ocrx_word' id='word_1_194' title='bbox 1191 2235 1241 2317; x_wconf 79' lang='grc' dir='ltr'><strong><em>δὴ]</em></strong></span> <span class='ocrx_word' id='word_1_195' title='bbox 1256 2240 1321 2299; x_wconf 86' lang='grc' dir='ltr'><strong><em>τῶν</em></strong></span> <span class='ocrx_word' id='word_1_196' title='bbox 1337 2239 1394 2299; x_wconf 73' lang='lat' dir='ltr'><strong>eto.</strong></span> 
     </span>
    </p>

    <p class='ocr_par' dir='ltr' id='par_1_10' title="bbox 168 2324 1393 2497">
     <span class='ocr_line' id='line_1_22' title="bbox 257 2324 1393 2408; baseline 0 -22"><span class='ocrx_word' id='word_1_197' title='bbox 257 2326 328 2390; x_wconf 86' lang='lat' dir='ltr'><strong>VII.</strong></span> <span class='ocrx_word' id='word_1_198' title='bbox 347 2328 396 2390; x_wconf 89' lang='grc'><strong>67.</strong></span> <span class='ocrx_word' id='word_1_199' title='bbox 415 2328 442 2389; x_wconf 99' lang='grc'><strong>1.</strong></span> <span class='ocrx_word' id='word_1_200' title='bbox 465 2325 501 2389; x_wconf 89' lang='grc' dir='ltr'><strong><em>τὸ</em></strong></span> <span class='ocrx_word' id='word_1_201' title='bbox 524 2326 707 2408; x_wconf 86' lang='grc' dir='ltr'><strong><em>κρατίστους</em></strong></span> <span class='ocrx_word' id='word_1_202' title='bbox 731 2324 818 2405; x_wconf 84' lang='grc' dir='ltr'><strong><em>εἶναι]</em></strong></span> <span class='ocrx_word' id='word_1_203' title='bbox 841 2332 897 2389; x_wconf 82' lang='grc' dir='ltr'><strong><em>τοῦ</em></strong></span> <span class='ocrx_word' id='word_1_204' title='bbox 915 2362 957 2371; x_wconf 90' lang='grc'>-</span> <span class='ocrx_word' id='word_1_205' title='bbox 973 2325 1058 2388; x_wconf 80' lang='lat' dir='ltr'><strong>Port.</strong></span> <span class='ocrx_word' id='word_1_206' title='bbox 1081 2325 1243 2389; x_wconf 86' lang='lat' dir='ltr'><strong>Linwood.</strong></span> <span class='ocrx_word' id='word_1_207' title='bbox 1311 2325 1393 2405; x_wconf 91' lang='grc' dir='ltr'><strong><em>πρά-</em></strong></span> 
     </span>
     <span class='ocr_line' id='line_1_23' title="bbox 168 2413 1393 2497; baseline -0.003 -18"><span class='ocrx_word' id='word_1_208' title='bbox 168 2419 276 2490; x_wconf 85' lang='grc' dir='ltr'><strong><em>ξαντες</em></strong></span> <span class='ocrx_word' id='word_1_209' title='bbox 299 2415 395 2479; x_wconf 88' lang='lat' dir='ltr'><strong>Dobr.</strong></span> <span class='ocrx_word' id='word_1_210' title='bbox 418 2416 442 2479; x_wconf 94' lang='lat' dir='ltr'><strong><em>I.</em></strong></span> <span class='ocrx_word' id='word_1_211' title='bbox 469 2416 539 2480; x_wconf 89' lang='grc'><strong>107.</strong></span> <span class='ocrx_word' id='word_1_212' title='bbox 624 2417 652 2476; x_wconf 90' lang='grc'><strong><em>2.</em></strong></span> <span class='ocrx_word' id='word_1_213' title='bbox 676 2415 713 2477; x_wconf 95' lang='grc' dir='ltr'><strong><em>τά</em></strong></span> <span class='ocrx_word' id='word_1_214' title='bbox 735 2439 767 2478; x_wconf 94' lang='grc' dir='ltr'><strong><em>τε</em></strong></span> <span class='ocrx_word' id='word_1_215' title='bbox 791 2413 886 2493; x_wconf 80' lang='grc' dir='ltr'><strong>(1.τά</strong></span> <span class='ocrx_word' id='word_1_216' title='bbox 911 2414 961 2497; x_wconf 79' lang='grc' dir='ltr'><strong><em>ἀὲ)</em></strong></span> <span class='ocrx_word' id='word_1_217' title='bbox 992 2421 1048 2496; x_wconf 86' lang='grc' dir='ltr'><strong><em>τῆς</em></strong></span> <span class='ocrx_word' id='word_1_218' title='bbox 1080 2414 1312 2497; x_wconf 87' lang='grc' dir='ltr'><strong><em>ἀντιμιμήσεως</em></strong></span> <span class='ocrx_word' id='word_1_219' title='bbox 1336 2419 1393 2477; x_wconf 82' lang='lat' dir='ltr'><strong><em>etc.</em></strong></span> 
     </span>
    </p>

    <p class='ocr_par' dir='ltr' id='par_1_11' title="bbox 212 2499 1126 2588">
     <span class='ocr_line' id='line_1_24' title="bbox 212 2499 1126 2588; baseline -0.004 -19"><span class='ocrx_word' id='word_1_220' title='bbox 212 2505 444 2588; x_wconf 75' lang='grc' dir='ltr'><strong><em>καθεστήκασιν</em></strong></span> <span class='ocrx_word' id='word_1_221' title='bbox 468 2542 509 2551; x_wconf 89' lang='lat'><em>-</em></span> <span class='ocrx_word' id='word_1_222' title='bbox 535 2503 650 2587; x_wconf 83' lang='grc' dir='ltr'><strong><em>[οὕτως</em></strong></span> <span class='ocrx_word' id='word_1_223' title='bbox 673 2504 764 2574; x_wconf 88' lang='grc' dir='ltr'><strong><em>ὅπως</em></strong></span> <span class='ocrx_word' id='word_1_224' title='bbox 787 2499 950 2587; x_wconf 80' lang='grc' dir='ltr'><strong><em>δύνανται]</em></strong></span> <span class='ocrx_word' id='word_1_225' title='bbox 975 2503 1126 2566; x_wconf 84' lang='lat' dir='ltr'><strong>Badham.</strong></span> 
     </span>
    </p>

    <p class='ocr_par' dir='ltr' id='par_1_12' title="bbox 166 2592 1395 2855">
     <span class='ocr_line' id='line_1_25' title="bbox 257 2592 1395 2676; baseline -0.002 -20"><span class='ocrx_word' id='word_1_226' title='bbox 257 2594 327 2656; x_wconf 87' lang='lat' dir='ltr'><strong>VII.</strong></span> <span class='ocrx_word' id='word_1_227' title='bbox 353 2595 403 2657; x_wconf 87' lang='grc'><strong><em>68.</em></strong></span> <span class='ocrx_word' id='word_1_228' title='bbox 430 2595 456 2655; x_wconf 93' lang='grc'><strong>1.</strong></span> <span class='ocrx_word' id='word_1_229' title='bbox 489 2595 556 2676; x_wconf 83' lang='grc' dir='ltr'><strong><em>ἅμα</em></strong></span> <span class='ocrx_word' id='word_1_230' title='bbox 590 2593 619 2657; x_wconf 81' lang='grc' dir='ltr'><strong><em>θ’</em></strong></span> <span class='ocrx_word' id='word_1_231' title='bbox 648 2592 788 2676; x_wconf 81' lang='grc' dir='ltr'><strong><em>ἐχθροὺς</em></strong></span> <span class='ocrx_word' id='word_1_232' title='bbox 823 2593 1008 2675; x_wconf 89' lang='grc' dir='ltr'><strong><em>ἀμύνασθαι</em></strong></span> <span class='ocrx_word' id='word_1_233' title='bbox 1036 2592 1287 2675; x_wconf 81' lang='grc' dir='ltr'><strong><em>ἓκγενηοόμενον</em></strong></span> <span class='ocrx_word' id='word_1_234' title='bbox 1319 2593 1395 2673; x_wconf 81' lang='grc' dir='ltr'><strong><em>ἡμῖν</em></strong></span> 
     </span>
     <span class='ocr_line' id='line_1_26' title="bbox 166 2680 1394 2765; baseline -0.002 -18"><span class='ocrx_word' id='word_1_235' title='bbox 166 2683 220 2747; x_wconf 84' lang='grc' dir='ltr'><strong><em>καὶ</em></strong></span> <span class='ocrx_word' id='word_1_236' title='bbox 243 2683 334 2764; x_wconf 84' lang='grc' dir='ltr'><strong><em>(κατὰ</em></strong></span> <span class='ocrx_word' id='word_1_237' title='bbox 359 2683 508 2747; x_wconf 84' lang='lat' dir='ltr'><strong>Badham.</strong></span> <span class='ocrx_word' id='word_1_238' title='bbox 534 2703 585 2765; x_wconf 86' lang='lat' dir='ltr'><strong><em>qu.</em></strong></span> <span class='ocrx_word' id='word_1_239' title='bbox 602 2683 673 2760; x_wconf 81' lang='lat' dir='ltr'><strong>del.)</strong></span> <span class='ocrx_word' id='word_1_240' title='bbox 696 2683 731 2746; x_wconf 86' lang='grc' dir='ltr'><strong><em>τὸ</em></strong></span> <span class='ocrx_word' id='word_1_241' title='bbox 754 2681 927 2764; x_wconf 88' lang='grc' dir='ltr'><strong><em>λεγόμενόν</em></strong></span> <span class='ocrx_word' id='word_1_242' title='bbox 949 2706 1013 2744; x_wconf 89' lang='grc' dir='ltr'><strong><em>που</em></strong></span> <span class='ocrx_word' id='word_1_243' title='bbox 1037 2680 1130 2761; x_wconf 83' lang='grc' dir='ltr'><strong><em>(πολὺ</em></strong></span> <span class='ocrx_word' id='word_1_244' title='bbox 1151 2681 1303 2763; x_wconf 81' lang='lat' dir='ltr'><strong>Badham)</strong></span> <span class='ocrx_word' id='word_1_245' title='bbox 1326 2681 1394 2763; x_wconf 78' lang='grc' dir='ltr'><strong><em>ἥδι-</em></strong></span> 
     </span>
     <span class='ocr_line' id='line_1_27' title="bbox 167 2769 1395 2855; baseline -0.004 -18"><span class='ocrx_word' id='word_1_246' title='bbox 167 2797 240 2837; x_wconf 92' lang='grc' dir='ltr'><strong><em>στον</em></strong></span> <span class='ocrx_word' id='word_1_247' title='bbox 263 2771 347 2836; x_wconf 82' lang='grc' dir='ltr'><strong><em>εἶναι.</em></strong></span> <span class='ocrx_word' id='word_1_248' title='bbox 435 2779 490 2855; x_wconf 83' lang='grc' dir='ltr'><strong><em>τῆς</em></strong></span> <span class='ocrx_word' id='word_1_249' title='bbox 517 2771 663 2855; x_wconf 86' lang='grc' dir='ltr'><strong><em>γνώμης]</em></strong></span> <span class='ocrx_word' id='word_1_250' title='bbox 691 2778 729 2855; x_wconf 82' lang='grc' dir='ltr'><strong><em>τῇ</em></strong></span> <span class='ocrx_word' id='word_1_251' title='bbox 757 2773 853 2855; x_wconf 82' lang='grc' dir='ltr'><strong><em>ῥώμῃ</em></strong></span> <span class='ocrx_word' id='word_1_252' title='bbox 879 2772 1009 2853; x_wconf 79' lang='lat' dir='ltr'><strong>Burges.</strong></span> <span class='ocrx_word' id='word_1_253' title='bbox 1034 2771 1074 2833; x_wconf 89' lang='lat' dir='ltr'><strong><em>ad</em></strong></span> <span class='ocrx_word' id='word_1_254' title='bbox 1098 2769 1191 2854; x_wconf 81' lang='lat' dir='ltr'><strong>Soph.</strong></span> <span class='ocrx_word' id='word_1_255' title='bbox 1215 2771 1296 2833; x_wconf 85' lang='lat' dir='ltr'>Phil.</span> <span class='ocrx_word' id='word_1_256' title='bbox 1322 2771 1395 2832; x_wconf 82' lang='lat'><strong>324.</strong></span> 
     </span>
    </p>

    <p class='ocr_par' dir='ltr' id='par_1_13' title="bbox 213 2860 1355 2944">
     <span class='ocr_line' id='line_1_28' title="bbox 213 2860 1355 2944; baseline -0.004 -19"><span class='ocrx_word' id='word_1_257' title='bbox 213 2865 240 2925; x_wconf 88' lang='lat'><strong><em>3.</em></strong></span> <span class='ocrx_word' id='word_1_258' title='bbox 264 2862 299 2925; x_wconf 88' lang='grc' dir='ltr'><strong><em>τὸ</em></strong></span> <span class='ocrx_word' id='word_1_259' title='bbox 323 2862 358 2925; x_wconf 78' lang='grc' dir='ltr'><strong><em>ἀὲ</em></strong></span> <span class='ocrx_word' id='word_1_260' title='bbox 381 2862 572 2943; x_wconf 83' lang='grc' dir='ltr'><strong><em>πραξάντων</em></strong></span> <span class='ocrx_word' id='word_1_261' title='bbox 596 2863 702 2944; x_wconf 77' lang='grc' dir='ltr'><strong><em>(ἡμῶν</em></strong></span> <span class='ocrx_word' id='word_1_262' title='bbox 725 2866 810 2924; x_wconf 80' lang='lat' dir='ltr'>recte</span> <span class='ocrx_word' id='word_1_263' title='bbox 833 2861 920 2924; x_wconf 80' lang='lat' dir='ltr'>addit</span> <span class='ocrx_word' id='word_1_264' title='bbox 945 2860 990 2933; x_wconf 82' lang='grc' dir='ltr'><strong>Β.)</strong></span> <span class='ocrx_word' id='word_1_265' title='bbox 1015 2860 1050 2923; x_wconf 81' lang='grc' dir='ltr'><strong><em>ἔκ</em></strong></span> <span class='ocrx_word' id='word_1_266' title='bbox 1074 2866 1130 2923; x_wconf 85' lang='grc' dir='ltr'><strong><em>τοῦ</em></strong></span> <span class='ocrx_word' id='word_1_267' title='bbox 1154 2860 1274 2930; x_wconf 84' lang='grc' dir='ltr'><strong><em>εἰκότος</em></strong></span> <span class='ocrx_word' id='word_1_268' title='bbox 1298 2865 1355 2923; x_wconf 83' lang='lat' dir='ltr'><strong><em>et.</em></strong></span> 
     </span>
    </p>

    <p class='ocr_par' dir='ltr' id='par_1_14' title="bbox 167 2947 1398 3572">
     <span class='ocr_line' id='line_1_29' title="bbox 257 2947 1395 3034; baseline -0.004 -19"><span class='ocrx_word' id='word_1_269' title='bbox 257 2952 329 3015; x_wconf 86' lang='lat' dir='ltr'><strong><em>VH.</em></strong></span> <span class='ocrx_word' id='word_1_270' title='bbox 355 2953 405 3015; x_wconf 82' lang='lat'><strong><em>69.</em></strong></span> <span class='ocrx_word' id='word_1_271' title='bbox 430 2955 458 3013; x_wconf 83' lang='lat'><strong><em>2.</em></strong></span> <span class='ocrx_word' id='word_1_272' title='bbox 492 2951 623 3034; x_wconf 85' lang='grc' dir='ltr'><strong><em>ἔμελλον</em></strong></span> <span class='ocrx_word' id='word_1_273' title='bbox 655 2949 844 3034; x_wconf 89' lang='grc' dir='ltr'><strong><em>ἀνάγεσθαι]</em></strong></span> <span class='ocrx_word' id='word_1_274' title='bbox 877 2950 946 3013; x_wconf 88' lang='lat' dir='ltr'><strong><em>Imo</em></strong></span> <span class='ocrx_word' id='word_1_275' title='bbox 970 2950 1151 3023; x_wconf 72' lang='grc' dir='ltr'><strong><em>ἀνάξεσθαι.</em></strong></span> <span class='ocrx_word' id='word_1_276' title='bbox 1220 2947 1299 3030; x_wconf 88' lang='grc' dir='ltr'><strong><em>ὅπερ</em></strong></span> <span class='ocrx_word' id='word_1_277' title='bbox 1333 2949 1395 3011; x_wconf 91' lang='grc' dir='ltr'><strong><em>πά-</em></strong></span> 
     </span>
     <span class='ocr_line' id='line_1_30' title="bbox 168 3039 1396 3124; baseline -0.003 -19"><span class='ocrx_word' id='word_1_278' title='bbox 168 3065 298 3124; x_wconf 93' lang='grc' dir='ltr'><strong><em>σχουσιν</em></strong></span> <span class='ocrx_word' id='word_1_279' title='bbox 321 3041 541 3123; x_wconf 71' lang='grc' dir='ltr'><strong><em>(άνθρωποιλ)</em></strong></span> <span class='ocrx_word' id='word_1_280' title='bbox 570 3041 603 3104; x_wconf 84' lang='grc' dir='ltr'><strong><em>έν</em></strong></span> <span class='ocrx_word' id='word_1_281' title='bbox 626 3045 690 3110; x_wconf 89' lang='grc' dir='ltr'><strong><em>τοῖς</em></strong></span> <span class='ocrx_word' id='word_1_282' title='bbox 711 3040 861 3123; x_wconf 88' lang='grc' dir='ltr'><strong><em>μεγάλοις</em></strong></span> <span class='ocrx_word' id='word_1_283' title='bbox 885 3041 1012 3121; x_wconf 86' lang='grc' dir='ltr'><strong><em>ἀγῶσιν.</em></strong></span> <span class='ocrx_word' id='word_1_284' title='bbox 1089 3039 1250 3121; x_wconf 89' lang='grc' dir='ltr'><strong><em>πατρόθεν</em></strong></span> <span class='ocrx_word' id='word_1_285' title='bbox 1273 3043 1297 3101; x_wconf 92' lang='grc' dir='ltr'><strong><em>τ’</em></strong></span> <span class='ocrx_word' id='word_1_286' title='bbox 1322 3039 1396 3102; x_wconf 83' lang='grc' dir='ltr'><strong><em>ἕπο-</em></strong></span> 
     </span>
     <span class='ocr_line' id='line_1_31' title="bbox 167 3127 1397 3213; baseline -0.003 -19"><span class='ocrx_word' id='word_1_287' title='bbox 167 3131 319 3213; x_wconf 93' lang='grc' dir='ltr'><strong><em>νομάζων</em></strong></span> <span class='ocrx_word' id='word_1_288' title='bbox 347 3130 401 3194; x_wconf 86' lang='grc' dir='ltr'><strong><em>καλ</em></strong></span> <span class='ocrx_word' id='word_1_289' title='bbox 429 3128 544 3200; x_wconf 83' lang='grc' dir='ltr'><strong><em>αὐτοὺς</em></strong></span> <span class='ocrx_word' id='word_1_290' title='bbox 573 3129 698 3204; x_wconf 84' lang='grc' dir='ltr'><strong><em>(αὐτοὺς</em></strong></span> <span class='ocrx_word' id='word_1_291' title='bbox 725 3130 780 3192; x_wconf 86' lang='grc' dir='ltr'><strong><em>καὶ</em></strong></span> <span class='ocrx_word' id='word_1_292' title='bbox 801 3135 887 3194; x_wconf 82' lang='lat' dir='ltr'>recte</span> <span class='ocrx_word' id='word_1_293' title='bbox 910 3129 1028 3203; x_wconf 81' lang='lat' dir='ltr'><strong>Herw.)</strong></span> <span class='ocrx_word' id='word_1_294' title='bbox 1052 3128 1203 3211; x_wconf 81' lang='grc' dir='ltr'><strong><em>ὀνομαστὶ</em></strong></span> <span class='ocrx_word' id='word_1_295' title='bbox 1230 3127 1285 3191; x_wconf 80' lang='grc' dir='ltr'><strong><em>καὶ</em></strong></span> <span class='ocrx_word' id='word_1_296' title='bbox 1307 3127 1397 3210; x_wconf 86' lang='grc' dir='ltr'><strong><em>(κατὰ</em></strong></span> 
     </span>
     <span class='ocr_line' id='line_1_32' title="bbox 167 3215 1397 3303; baseline -0.001 -21"><span class='ocrx_word' id='word_1_297' title='bbox 167 3219 285 3302; x_wconf 80' lang='lat' dir='ltr'><strong>Herw.)</strong></span> <span class='ocrx_word' id='word_1_298' title='bbox 307 3220 420 3303; x_wconf 90' lang='grc' dir='ltr'><strong><em>φυλήν.</em></strong></span> <span class='ocrx_word' id='word_1_299' title='bbox 511 3220 610 3291; x_wconf 85' lang='grc' dir='ltr'><strong><em>ἀξιῶν</em></strong></span> <span class='ocrx_word' id='word_1_300' title='bbox 633 3255 677 3264; x_wconf 88' lang='grc'>-</span> <span class='ocrx_word' id='word_1_301' title='bbox 699 3218 754 3288; x_wconf 83' lang='grc' dir='ltr'><strong><em>τὰς</em></strong></span> <span class='ocrx_word' id='word_1_302' title='bbox 785 3218 940 3300; x_wconf 87' lang='grc' dir='ltr'><strong><em>πατρικὰς</em></strong></span> <span class='ocrx_word' id='word_1_303' title='bbox 972 3216 1084 3299; x_wconf 84' lang='grc' dir='ltr'><strong><em>ἀρετὰς</em></strong></span> <span class='ocrx_word' id='word_1_304' title='bbox 1117 3215 1165 3282; x_wconf 83' lang='grc' dir='ltr'><strong><em>ὧν</em></strong></span> <span class='ocrx_word' id='word_1_305' title='bbox 1197 3219 1232 3299; x_wconf 89' lang='lat' dir='ltr'><strong><em>(l.</em></strong></span> <span class='ocrx_word' id='word_1_306' title='bbox 1257 3217 1314 3300; x_wconf 91' lang='grc' dir='ltr'><strong><em>ἀφ’</em></strong></span> <span class='ocrx_word' id='word_1_307' title='bbox 1338 3215 1397 3298; x_wconf 84' lang='grc' dir='ltr'><strong><em>ὧν]</em></strong></span> 
     </span>
     <span class='ocr_line' id='line_1_33' title="bbox 168 3305 1398 3393; baseline -0.004 -20"><span class='ocrx_word' id='word_1_308' title='bbox 168 3311 328 3392; x_wconf 81' lang='grc' dir='ltr'><strong><em>ἐπιφανεῖς</em></strong></span> <span class='ocrx_word' id='word_1_309' title='bbox 351 3308 432 3393; x_wconf 82' lang='grc' dir='ltr'><strong><em>ἦσαν</em></strong></span> <span class='ocrx_word' id='word_1_310' title='bbox 456 3311 487 3371; x_wconf 88' lang='grc' dir='ltr'><strong><em>οί</em></strong></span> <span class='ocrx_word' id='word_1_311' title='bbox 508 3308 662 3391; x_wconf 92' lang='grc' dir='ltr'><strong><em>πρόγονοι</em></strong></span> <span class='ocrx_word' id='word_1_312' title='bbox 684 3306 729 3390; x_wconf 81' lang='grc' dir='ltr'><strong><em>μὴ</em></strong></span> <span class='ocrx_word' id='word_1_313' title='bbox 751 3308 921 3390; x_wconf 78' lang='grc' dir='ltr'><strong><em>ἀφανίζειν.</em></strong></span> <span class='ocrx_word' id='word_1_314' title='bbox 991 3310 1019 3370; x_wconf 90' lang='grc'><strong>3.</strong></span> <span class='ocrx_word' id='word_1_315' title='bbox 1043 3306 1098 3376; x_wconf 86' lang='grc' dir='ltr'><strong><em>τὰς</em></strong></span> <span class='ocrx_word' id='word_1_316' title='bbox 1115 3306 1270 3388; x_wconf 86' lang='grc' dir='ltr'><strong><em>πατρικάς</em></strong></span> <span class='ocrx_word' id='word_1_317' title='bbox 1286 3305 1398 3388; x_wconf 84' lang='grc' dir='ltr'><strong><em>ἀρετὰς</em></strong></span> 
     </span>
     <span class='ocr_line' id='line_1_34' title="bbox 168 3394 1397 3483; baseline -0.003 -22"><span class='ocrx_word' id='word_1_318' title='bbox 168 3397 271 3481; x_wconf 84' lang='grc' dir='ltr'><strong><em>-μὴ</em></strong></span> <span class='ocrx_word' id='word_1_319' title='bbox 296 3398 468 3483; x_wconf 81' lang='grc' dir='ltr'><strong><em>ἀφανίζειν]</em></strong></span> <span class='ocrx_word' id='word_1_320' title='bbox 499 3399 617 3461; x_wconf 84' lang='lat' dir='ltr'>Annon</span> <span class='ocrx_word' id='word_1_321' title='bbox 639 3395 694 3466; x_wconf 85' lang='grc' dir='ltr'><strong><em>τὰς</em></strong></span> <span class='ocrx_word' id='word_1_322' title='bbox 720 3397 872 3479; x_wconf 78' lang='grc' dir='ltr'><strong><em>πατρῴας</em></strong></span> <span class='ocrx_word' id='word_1_323' title='bbox 889 3397 952 3459; x_wconf 82' lang='lat'><strong><em>--?</em></strong></span> <span class='ocrx_word' id='word_1_324' title='bbox 1021 3397 1136 3458; x_wconf 85' lang='grc' dir='ltr'><strong><em>εἴποιεν</em></strong></span> <span class='ocrx_word' id='word_1_325' title='bbox 1164 3397 1212 3468; x_wconf 80' lang='grc' dir='ltr'><strong><em>ἀν,</em></strong></span> <span class='ocrx_word' id='word_1_326' title='bbox 1236 3395 1289 3458; x_wconf 87' lang='grc' dir='ltr'><strong><em>καὶ</em></strong></span> <span class='ocrx_word' id='word_1_327' title='bbox 1316 3394 1397 3477; x_wconf 80' lang='grc' dir='ltr'><strong><em>ὑπὲρ</em></strong></span> 
     </span>
     <span class='ocr_line' id='line_1_35' title="bbox 169 3485 1123 3572; baseline -0.005 -21"><span class='ocrx_word' id='word_1_328' title='bbox 169 3488 330 3572; x_wconf 83' lang='grc' dir='ltr'><strong><em>ἁπάντων]</em></strong></span> <span class='ocrx_word' id='word_1_329' title='bbox 357 3487 483 3570; x_wconf 85' lang='grc' dir='ltr'><strong><em>[εἴποιεν</em></strong></span> <span class='ocrx_word' id='word_1_330' title='bbox 506 3487 559 3570; x_wconf 85' lang='grc' dir='ltr'><strong><em>ἂν]</em></strong></span> <span class='ocrx_word' id='word_1_331' title='bbox 581 3487 695 3568; x_wconf 91' lang='grc' dir='ltr'><strong><em>καίπερ</em></strong></span> <span class='ocrx_word' id='word_1_332' title='bbox 718 3486 947 3567; x_wconf 81' lang='grc' dir='ltr'><strong><em>ὑφ’άπάντων</em></strong></span> <span class='ocrx_word' id='word_1_333' title='bbox 970 3485 1123 3548; x_wconf 84' lang='lat' dir='ltr'><strong>Badham.</strong></span> 
     </span>
    </p>

    <p class='ocr_par' dir='ltr' id='par_1_15' title="bbox 169 3573 1398 3749">
     <span class='ocr_line' id='line_1_36' title="bbox 261 3573 1398 3659; baseline -0.004 -21"><span class='ocrx_word' id='word_1_334' title='bbox 261 3577 333 3641; x_wconf 87' lang='lat' dir='ltr'><strong>VII.</strong></span> <span class='ocrx_word' id='word_1_335' title='bbox 359 3577 409 3640; x_wconf 89' lang='grc'><strong>70.</strong></span> <span class='ocrx_word' id='word_1_336' title='bbox 434 3579 462 3639; x_wconf 94' lang='grc'><strong>2.</strong></span> <span class='ocrx_word' id='word_1_337' title='bbox 495 3582 559 3640; x_wconf 85' lang='grc' dir='ltr'><strong><em>τῶν</em></strong></span> <span class='ocrx_word' id='word_1_338' title='bbox 582 3576 797 3659; x_wconf 92' lang='grc' dir='ltr'><strong><em>Συρακοσίων</em></strong></span> <span class='ocrx_word' id='word_1_339' title='bbox 828 3574 882 3638; x_wconf 82' lang='grc' dir='ltr'><strong><em>καὶ</em></strong></span> <span class='ocrx_word' id='word_1_340' title='bbox 914 3575 994 3656; x_wconf 88' lang='lat' dir='ltr'><strong>(imo</strong></span> <span class='ocrx_word' id='word_1_341' title='bbox 1021 3574 1076 3637; x_wconf 84' lang='grc' dir='ltr'><strong><em>καὶ</em></strong></span> <span class='ocrx_word' id='word_1_342' title='bbox 1103 3575 1178 3653; x_wconf 82' lang='grc' dir='ltr'><strong><em>τῶν)</em></strong></span> <span class='ocrx_word' id='word_1_343' title='bbox 1210 3573 1398 3654; x_wconf 88' lang='grc' dir='ltr'><strong><em>ξυμμάχων.</em></strong></span> 
     </span>
     <span class='ocr_line' id='line_1_37' title="bbox 169 3661 1398 3749; baseline -0.005 -21"><span class='ocrx_word' id='word_1_344' title='bbox 169 3665 215 3728; x_wconf 76' lang='lat' dir='ltr'><strong><em>Of.</em></strong></span> <span class='ocrx_word' id='word_1_345' title='bbox 241 3687 267 3730; x_wconf 88' lang='grc' dir='ltr'><strong><em>ο.</em></strong></span> <span class='ocrx_word' id='word_1_346' title='bbox 293 3669 343 3730; x_wconf 87' lang='grc'><strong>59.</strong></span> <span class='ocrx_word' id='word_1_347' title='bbox 368 3672 426 3731; x_wconf 71' lang='lat' dir='ltr'><strong>etc.</strong></span> <span class='ocrx_word' id='word_1_348' title='bbox 505 3668 532 3729; x_wconf 90' lang='lat'><strong><em>3.</em></strong></span> <span class='ocrx_word' id='word_1_349' title='bbox 566 3665 661 3729; x_wconf 87' lang='grc' dir='ltr'><strong><em>ὁπότε</em></strong></span> <span class='ocrx_word' id='word_1_350' title='bbox 692 3663 892 3749; x_wconf 85' lang='grc' dir='ltr'><strong><em>κελευσθείη]</em></strong></span> <span class='ocrx_word' id='word_1_351' title='bbox 925 3664 999 3726; x_wconf 85' lang='grc' dir='ltr'><strong><em>ὅποι</em></strong></span> <span class='ocrx_word' id='word_1_352' title='bbox 1031 3663 1213 3745; x_wconf 89' lang='grc' dir='ltr'><strong><em>κελευσθείη</em></strong></span> <span class='ocrx_word' id='word_1_353' title='bbox 1248 3661 1398 3724; x_wconf 81' lang='lat' dir='ltr'><strong>Badham.</strong></span> 
     </span>
    </p>

    <p class='ocr_par' dir='ltr' id='par_1_16' title="bbox 167 3750 1419 4375">
     <span class='ocr_line' id='line_1_38' title="bbox 215 3750 1399 3838; baseline -0.003 -19"><span class='ocrx_word' id='word_1_354' title='bbox 215 3757 243 3819; x_wconf 84' lang='lat'><strong><em>5.</em></strong></span> <span class='ocrx_word' id='word_1_355' title='bbox 268 3753 376 3838; x_wconf 80' lang='grc' dir='ltr'><strong><em>έπειάὴ</em></strong></span> <span class='ocrx_word' id='word_1_356' title='bbox 411 3755 446 3820; x_wconf 79' lang='grc' dir='ltr'><strong><em>δὲ</em></strong></span> <span class='ocrx_word' id='word_1_357' title='bbox 477 3757 685 3838; x_wconf 90' lang='grc' dir='ltr'><strong><em>προσμίξειαν</em></strong></span> <span class='ocrx_word' id='word_1_358' title='bbox 716 3751 968 3837; x_wconf 77' lang='grc' dir='ltr'><strong><em>(προομίξειενλ)</em></strong></span> <span class='ocrx_word' id='word_1_359' title='bbox 992 3757 1050 3818; x_wconf 80' lang='lat' dir='ltr'><strong>etc.</strong></span> <span class='ocrx_word' id='word_1_360' title='bbox 1121 3754 1149 3815; x_wconf 89' lang='grc'><strong>6.</strong></span> <span class='ocrx_word' id='word_1_361' title='bbox 1178 3750 1242 3815; x_wconf 89' lang='grc' dir='ltr'><strong><em>ἀπὸ</em></strong></span> <span class='ocrx_word' id='word_1_362' title='bbox 1270 3751 1399 3815; x_wconf 88' lang='grc' dir='ltr'><strong><em>πολλῶν</em></strong></span> 
     </span>
     <span class='ocr_line' id='line_1_39' title="bbox 169 3842 1399 3928; baseline -0.003 -21"><span class='ocrx_word' id='word_1_363' title='bbox 169 3850 234 3908; x_wconf 85' lang='grc' dir='ltr'><strong><em>τῶν</em></strong></span> <span class='ocrx_word' id='word_1_364' title='bbox 257 3847 329 3928; x_wconf 88' lang='lat' dir='ltr'><strong>(om.</strong></span> <span class='ocrx_word' id='word_1_365' title='bbox 352 3846 391 3909; x_wconf 85' lang='lat' dir='ltr'><strong><em>A.</em></strong></span> <span class='ocrx_word' id='word_1_366' title='bbox 408 3844 443 3907; x_wconf 93' lang='grc' dir='ltr'><strong>Β.</strong></span> <span class='ocrx_word' id='word_1_367' title='bbox 460 3842 497 3907; x_wconf 91' lang='lat' dir='ltr'><strong><em>D.</em></strong></span> <span class='ocrx_word' id='word_1_368' title='bbox 514 3844 548 3907; x_wconf 83' lang='lat' dir='ltr'><strong><em>E.</em></strong></span> <span class='ocrx_word' id='word_1_369' title='bbox 565 3844 598 3907; x_wconf 77' lang='lat' dir='ltr'><strong><em>F.</em></strong></span> <span class='ocrx_word' id='word_1_370' title='bbox 623 3843 732 3924; x_wconf 81' lang='lat' dir='ltr'><strong>Bekk.)</strong></span> <span class='ocrx_word' id='word_1_371' title='bbox 756 3848 838 3908; x_wconf 87' lang='grc' dir='ltr'><strong><em>νεῶν</em></strong></span> <span class='ocrx_word' id='word_1_372' title='bbox 862 3847 1117 3926; x_wconf 86' lang='grc' dir='ltr'><strong><em>ξυμπιπτουσῶν.</em></strong></span> <span class='ocrx_word' id='word_1_373' title='bbox 1150 3843 1249 3906; x_wconf 76' lang='lat' dir='ltr'>Recto</span> <span class='ocrx_word' id='word_1_374' title='bbox 1272 3842 1399 3904; x_wconf 81' lang='lat' dir='ltr'>additur</span> 
     </span>
     <span class='ocr_line' id='line_1_40' title="bbox 168 3929 1397 4017; baseline -0.003 -21"><span class='ocrx_word' id='word_1_375' title='bbox 168 3934 329 3997; x_wconf 78' lang='lat' dir='ltr'><strong>articulus.</strong></span> <span class='ocrx_word' id='word_1_376' title='bbox 354 3934 399 3998; x_wconf 81' lang='lat' dir='ltr'><strong><em>cf.</em></strong></span> <span class='ocrx_word' id='word_1_377' title='bbox 424 3953 449 3997; x_wconf 84' lang='grc' dir='ltr'><strong>θ.</strong></span> <span class='ocrx_word' id='word_1_378' title='bbox 472 3956 501 4017; x_wconf 86' lang='lat' dir='ltr'><strong><em>g.</em></strong></span> <span class='ocrx_word' id='word_1_379' title='bbox 526 3936 577 3996; x_wconf 89' lang='grc'><strong>84.</strong></span> <span class='ocrx_word' id='word_1_380' title='bbox 602 3937 636 3997; x_wconf 88' lang='grc' dir='ltr'><strong><em>έν</em></strong></span> <span class='ocrx_word' id='word_1_381' title='bbox 659 3934 758 4016; x_wconf 84' lang='grc' dir='ltr'><strong><em>κοίλῳ</em></strong></span> <span class='ocrx_word' id='word_1_382' title='bbox 782 3934 846 3996; x_wconf 88' lang='grc' dir='ltr'><strong><em>ὄντι</em></strong></span> <span class='ocrx_word' id='word_1_383' title='bbox 869 3941 916 4014; x_wconf 75' lang='grc' dir='ltr'><strong><em>τῷ</em></strong></span> <span class='ocrx_word' id='word_1_384' title='bbox 938 3938 1085 4015; x_wconf 80' lang='grc' dir='ltr'><strong><em>ποταμῷ.</em></strong></span> <span class='ocrx_word' id='word_1_385' title='bbox 1114 3932 1155 3996; x_wconf 91' lang='grc' dir='ltr'><strong>ΙΙ.</strong></span> <span class='ocrx_word' id='word_1_386' title='bbox 1180 3933 1230 3993; x_wconf 84' lang='grc'><strong>51.</strong></span> <span class='ocrx_word' id='word_1_387' title='bbox 1255 3929 1318 3993; x_wconf 83' lang='grc' dir='ltr'><strong><em>ὑπὸ</em></strong></span> <span class='ocrx_word' id='word_1_388' title='bbox 1341 3937 1397 3993; x_wconf 86' lang='grc' dir='ltr'><strong><em>τοῦ</em></strong></span> 
     </span>
     <span class='ocr_line' id='line_1_41' title="bbox 168 4019 1398 4105; baseline -0.002 -20"><span class='ocrx_word' id='word_1_389' title='bbox 168 4023 288 4086; x_wconf 86' lang='grc' dir='ltr'><strong><em>πολλοῦ</em></strong></span> <span class='ocrx_word' id='word_1_390' title='bbox 321 4023 356 4102; x_wconf 78' lang='lat' dir='ltr'><strong><em>(l.</em></strong></span> <span class='ocrx_word' id='word_1_391' title='bbox 379 4023 499 4086; x_wconf 84' lang='grc' dir='ltr'><strong><em>πολλοῦ</em></strong></span> <span class='ocrx_word' id='word_1_392' title='bbox 531 4023 603 4103; x_wconf 84' lang='grc' dir='ltr'><strong><em>τοῦ)</em></strong></span> <span class='ocrx_word' id='word_1_393' title='bbox 635 4029 739 4086; x_wconf 81' lang='grc' dir='ltr'><strong><em>κακοῦ</em></strong></span> <span class='ocrx_word' id='word_1_394' title='bbox 772 4023 951 4103; x_wconf 87' lang='grc' dir='ltr'><strong><em>νικώμενοι.</em></strong></span> <span class='ocrx_word' id='word_1_395' title='bbox 1037 4025 1064 4084; x_wconf 87' lang='grc'><strong>7.</strong></span> <span class='ocrx_word' id='word_1_396' title='bbox 1099 4019 1311 4105; x_wconf 77' lang='grc' dir='ltr'><strong><em>[ἐπιβοῶντες]</em></strong></span> <span class='ocrx_word' id='word_1_397' title='bbox 1344 4020 1398 4082; x_wconf 83' lang='grc' dir='ltr'><strong><em>καλ</em></strong></span> 
     </span>
     <span class='ocr_line' id='line_1_42' title="bbox 169 4104 1419 4196; baseline -0.002 -22"><span class='ocrx_word' id='word_1_398' title='bbox 169 4110 264 4196; x_wconf 79' lang='grc' dir='ltr'><strong><em>[περὶ]</em></strong></span> <span class='ocrx_word' id='word_1_399' title='bbox 288 4119 344 4195; x_wconf 84' lang='grc' dir='ltr'><strong><em>τῆς</em></strong></span> <span class='ocrx_word' id='word_1_400' title='bbox 368 4149 409 4158; x_wconf 88' lang='lat'><strong><em>-—</em></strong></span> <span class='ocrx_word' id='word_1_401' title='bbox 434 4112 653 4195; x_wconf 82' lang='grc' dir='ltr'><strong><em>ἀντιλαβέσθαι</em></strong></span> <span class='ocrx_word' id='word_1_402' title='bbox 672 4111 823 4174; x_wconf 85' lang='lat' dir='ltr'><strong>Badham.</strong></span> <span class='ocrx_word' id='word_1_403' title='bbox 864 4111 1009 4175; x_wconf 83' lang='lat' dir='ltr'>“Auctor</span> <span class='ocrx_word' id='word_1_404' title='bbox 1032 4111 1100 4194; x_wconf 79' lang='lat' dir='ltr'>ipse</span> <span class='ocrx_word' id='word_1_405' title='bbox 1124 4110 1236 4172; x_wconf 78' lang='lat' dir='ltr'><strong>saltem</strong></span> <span class='ocrx_word' id='word_1_406' title='bbox 1260 4104 1419 4192; x_wconf 73' lang='grc' dir='ltr'><strong><em>ἐπιβοώ-Ι</em></strong></span> 
     </span>
     <span class='ocr_line' id='line_1_43' title="bbox 167 4198 1398 4284; baseline -0.003 -20"><span class='ocrx_word' id='word_1_407' title='bbox 167 4225 259 4284; x_wconf 90' lang='grc' dir='ltr'><strong><em>μενοι</em></strong></span> <span class='ocrx_word' id='word_1_408' title='bbox 275 4200 481 4284; x_wconf 81' lang='lat' dir='ltr'><strong>scripsisset.’&#39;</strong></span> <span class='ocrx_word' id='word_1_409' title='bbox 541 4201 603 4284; x_wconf 79' lang='grc' dir='ltr'><strong><em>ἤδη</em></strong></span> <span class='ocrx_word' id='word_1_410' title='bbox 619 4199 698 4270; x_wconf 83' lang='grc' dir='ltr'><strong><em>τινὲς</em></strong></span> <span class='ocrx_word' id='word_1_411' title='bbox 715 4200 773 4283; x_wconf 91' lang='grc'><strong><em>--]</em></strong></span> <span class='ocrx_word' id='word_1_412' title='bbox 799 4198 857 4276; x_wconf 83' lang='lat' dir='ltr'><strong><em>Qu.</em></strong></span> <span class='ocrx_word' id='word_1_413' title='bbox 881 4200 942 4283; x_wconf 78' lang='grc' dir='ltr'><strong><em>ἤδη</em></strong></span> <span class='ocrx_word' id='word_1_414' title='bbox 960 4201 1016 4263; x_wconf 92' lang='grc' dir='ltr'><strong><em>καί</em></strong></span> <span class='ocrx_word' id='word_1_415' title='bbox 1027 4219 1105 4269; x_wconf 85' lang='grc' dir='ltr'><strong><em>τινες</em></strong></span> <span class='ocrx_word' id='word_1_416' title='bbox 1123 4237 1177 4260; x_wconf 91' lang='grc'><strong><em>-.</em></strong></span> <span class='ocrx_word' id='word_1_417' title='bbox 1240 4199 1268 4261; x_wconf 89' lang='grc'><strong>8.</strong></span> <span class='ocrx_word' id='word_1_418' title='bbox 1292 4199 1398 4280; x_wconf 85' lang='grc' dir='ltr'><strong><em>πρύμ-</em></strong></span> 
     </span>
     <span class='ocr_line' id='line_1_44' title="bbox 169 4289 1011 4375; baseline -0.004 -21"><span class='ocrx_word' id='word_1_419' title='bbox 169 4314 228 4355; x_wconf 90' lang='grc' dir='ltr'><strong><em>ναν</em></strong></span> <span class='ocrx_word' id='word_1_420' title='bbox 251 4290 463 4375; x_wconf 92' lang='grc' dir='ltr'><strong><em>κρουόμενον]</em></strong></span> <span class='ocrx_word' id='word_1_421' title='bbox 489 4289 547 4366; x_wconf 81' lang='lat' dir='ltr'><strong><em>Qu.</em></strong></span> <span class='ocrx_word' id='word_1_422' title='bbox 569 4290 719 4372; x_wconf 87' lang='grc' dir='ltr'><strong><em>πρύμναν</em></strong></span> <span class='ocrx_word' id='word_1_423' title='bbox 741 4289 1011 4371; x_wconf 88' lang='grc' dir='ltr'><strong><em>ἀνακρουόμενον.</em></strong></span> 
     </span>
    </p>

    <p class='ocr_par' dir='ltr' id='par_1_17' title="bbox 168 4377 1397 4554">
     <span class='ocr_line' id='line_1_45' title="bbox 258 4377 1397 4461; baseline -0.003 -20"><span class='ocrx_word' id='word_1_424' title='bbox 258 4379 330 4442; x_wconf 87' lang='lat' dir='ltr'><strong><em>VH.</em></strong></span> <span class='ocrx_word' id='word_1_425' title='bbox 356 4381 406 4441; x_wconf 88' lang='grc'><strong>71.</strong></span> <span class='ocrx_word' id='word_1_426' title='bbox 431 4382 459 4442; x_wconf 92' lang='grc'><strong>2.</strong></span> <span class='ocrx_word' id='word_1_427' title='bbox 487 4379 540 4442; x_wconf 84' lang='grc' dir='ltr'><strong><em>καλ</em></strong></span> <span class='ocrx_word' id='word_1_428' title='bbox 569 4379 620 4442; x_wconf 84' lang='grc' dir='ltr'><strong><em>ἀιά</em></strong></span> <span class='ocrx_word' id='word_1_429' title='bbox 642 4378 678 4441; x_wconf 88' lang='grc' dir='ltr'><strong><em>τὸ</em></strong></span> <span class='ocrx_word' id='word_1_430' title='bbox 702 4379 874 4461; x_wconf 87' lang='grc' dir='ltr'><strong><em>ἀνώμαλον</em></strong></span> <span class='ocrx_word' id='word_1_431' title='bbox 897 4379 950 4442; x_wconf 81' lang='grc' dir='ltr'><strong><em>καὶ</em></strong></span> <span class='ocrx_word' id='word_1_432' title='bbox 980 4377 1036 4460; x_wconf 85' lang='grc' dir='ltr'><strong><em>τὴν</em></strong></span> <span class='ocrx_word' id='word_1_433' title='bbox 1059 4378 1175 4458; x_wconf 84' lang='grc' dir='ltr'><strong><em>ἔποψιν</em></strong></span> <span class='ocrx_word' id='word_1_434' title='bbox 1197 4383 1252 4459; x_wconf 83' lang='grc' dir='ltr'><strong><em>τῆς</em></strong></span> <span class='ocrx_word' id='word_1_435' title='bbox 1275 4400 1397 4457; x_wconf 93' lang='grc' dir='ltr'><strong><em>ναυμα-</em></strong></span> 
     </span>
     <span class='ocr_line' id='line_1_46' title="bbox 168 4464 1397 4554; baseline -0.003 -21"><span class='ocrx_word' id='word_1_436' title='bbox 168 4471 237 4551; x_wconf 86' lang='grc' dir='ltr'><strong><em>χίας</em></strong></span> <span class='ocrx_word' id='word_1_437' title='bbox 265 4470 300 4532; x_wconf 82' lang='grc' dir='ltr'><strong><em>έκ</em></strong></span> <span class='ocrx_word' id='word_1_438' title='bbox 328 4476 382 4552; x_wconf 82' lang='grc' dir='ltr'><strong><em>τῆς</em></strong></span> <span class='ocrx_word' id='word_1_439' title='bbox 410 4475 468 4554; x_wconf 84' lang='grc' dir='ltr'><strong><em>γῆς</em></strong></span> <span class='ocrx_word' id='word_1_440' title='bbox 495 4469 711 4552; x_wconf 81' lang='grc' dir='ltr'><strong><em>ἠναγκάζοντο</em></strong></span> <span class='ocrx_word' id='word_1_441' title='bbox 740 4469 831 4552; x_wconf 80' lang='grc' dir='ltr'><strong><em>ἔχειν]</em></strong></span> <span class='ocrx_word' id='word_1_442' title='bbox 860 4469 914 4532; x_wconf 88' lang='grc' dir='ltr'><strong><em>καλ</em></strong></span> <span class='ocrx_word' id='word_1_443' title='bbox 942 4467 1018 4531; x_wconf 84' lang='grc' dir='ltr'><strong><em>ἀιότι</em></strong></span> <span class='ocrx_word' id='word_1_444' title='bbox 1043 4503 1084 4514; x_wconf 90' lang='lat'>-</span> <span class='ocrx_word' id='word_1_445' title='bbox 1108 4464 1205 4530; x_wconf 88' lang='lat' dir='ltr'><strong>Dobr.</strong></span> <span class='ocrx_word' id='word_1_446' title='bbox 1235 4465 1397 4529; x_wconf 82' lang='lat' dir='ltr'><strong>Linwood.</strong></span> 
     </span>
    </p>
   </div>
   <div class='ocr_carea' id='block_1_3' title="bbox 0 0 1770 5338">
    <p class='ocr_par' dir='ltr' id='par_1_18' title="bbox 0 0 1770 5338">
     <span class='ocr_line' id='line_1_47' title="bbox 0 0 1770 5338; baseline 0 0"><span class='ocrx_word' id='word_1_447' title='bbox 0 0 1770 5338; x_wconf 95' lang='lat' dir='ltr'><strong><em> </em></strong></span> 
     </span>
    </p>
   </div>
  </div>
 </body>
</html>
