3510 5338
353 389 394 453 62
873 402 1060 452 τεσστοσινε

441 568 611 632 VI.55.1.
634 567 745 638 παῖδες
769 563 829 651 γὰρ
853 567 941 649 αὐτῷ
967 567 1060 649 μόνῳ
1084 565 1202 648 (μόνον
1225 565 1264 627 Α.
1280 564 1317 628 Β.
1333 564 1369 628 Ε.
1384 564 1418 629 Ε.
1435 565 1483 648 G.)
1507 566 1583 648 φαί-

352 681 456 722 νονται
480 662 538 721 ete.
577 658 623 722 cf.
647 677 672 722 o.
698 659 748 720 56.
782 658 816 721 έν
838 654 860 740 ᾖ
882 657 984 738 μόνον
1014 656 1128 738 ἡμέρᾳ.
1202 656 1221 737 ή
1255 655 1350 738 στήλη
1383 656 1455 740 περὶ
1478 655 1537 739 -]
1562 657 1583 737 ή

352 749 447 831 στήλη
464 748 483 831 ή
500 747 572 830 περὶ
588 785 629 792 -
646 748 726 828 conj.
743 746 840 811 Beki.
873 746 978 810 Recte.
1048 747 1076 806 2.
1101 745 1136 808 έν
1158 750 1195 828 τῇ
1218 745 1329 826 πρώτη
1354 744 1462 828 στήλη]
1487 747 1521 808 έν
1545 750 1584 826 τῇ

352 837 431 920 αὐτῇ
465 837 559 920 στήλῃ
593 857 677 900 unus
710 836 777 900 cod.
805 833 893 919 prob.
922 833 1020 898 Linw.
1050 836 1107 916 qui
1139 834 1260 916 πρώτηΙ
1284 833 1323 896 ab
1356 853 1420 916 seq.
1453 840 1585 917 πρῶτος

353 927 480 990 venisse
503 927 690 1011 suspicatur.
759 923 971 1008 ἀπεοικότως]
988 924 1165 993 ἀπεικότως
1180 922 1288 987 Cobet.
1324 923 1370 986 Cf.
1388 925 1425 986 od
1443 924 1514 987 VH.
1533 924 1585 986 71.

440 1014 496 1078 VI.
514 1016 565 1078 56.
584 1017 610 1077 1.
634 1014 786 1098 πείρασιν]
810 1015 974 1096 πειρασίαν
990 1013 1025 1076 Ε.
1058 1013 1174 1077 Nonne
1189 1011 1322 1094 πεῖρανλ
1392 1015 1420 1076 2.
1436 1012 1511 1082 τοὺς
1525 1012 1585 1095 τήν

352 1104 487 1189 πομπὴν
509 1104 714 1189 πέμψαντας]
747 1102 821 1173 τοὺς
845 1140 886 1148 -
910 1104 1097 1185 πέμψαντας
1128 1105 1213 1166 reete
1246 1100 1354 1165 Cobet.
1393 1102 1476 1167 Fort.
1509 1102 1584 1172 τοὺς

354 1232 394 1240 -—
420 1196 610 1277 πέμποντας.
1320 1210 1322 1214 “

442 1284 497 1348 VI.
523 1285 573 1346 58.
596 1282 651 1353 τὰς
672 1282 806 1364 πομπὰς
827 1281 937 1366 ποιεῖν]
961 1279 1015 1352 τὰς
1030 1280 1163 1364 πομπὰς
1177 1281 1315 1361 πέμπειν
1331 1281 1399 1363 (aut
1412 1281 1584 1360 ποιεῖσθαι)

354 1373 442 1436 malit
464 1373 583 1455 Herw.,
612 1373 668 1454 qui
695 1377 801 1436 tomen
829 1373 906 1434 haec
933 1370 1113 1452 Thucydidi
1140 1370 1356 1453 abjudicanda
1385 1389 1454 1435 esse
1480 1372 1584 1453 suspi-

354 1468 452 1526 catur.
512 1460 586 1531 τοὺς
608 1461 757 1544 πομπέας
780 1459 864 1543 [τοὺς
887 1459 1024 1544 ὁπλίτας]
1048 1458 1154 1524 Herw.
1223 1459 1447 1543 ἀγγελθέντος]
1472 1459 1583 1543 ἀγγελ-

354 1552 413 1615 θὲν
435 1551 542 1615 Herw.

443 1640 498 1704 VI.
523 1641 574 1703 66.
599 1642 627 1702 2.
661 1640 721 1703 οὐκ
753 1640 787 1703 έν
818 1639 923 1722 παύλῃ
957 1639 1117 1724 ἐφαίνετο]
1150 1641 1210 1703 οὐκ
1243 1639 1410 1703 ἀνάπαυλα
1439 1639 1583 1721 ἐφαίνετο

355 1729 460 1794 Reisb.
483 1729 579 1813 Toup.
603 1728 742 1813 Madvig.

445 1819 498 1882 VI.
523 1819 574 1882 61.
601 1820 627 1881 l.
659 1817 737 1901 μετὰ
769 1824 824 1883 τοῦ
857 1818 955 1882 αὐτοῦ
986 1817 1083 1900 λόγου
1117 1817 1185 1901 [καί
1216 1825 1271 1903 τῆς
1299 1818 1501 1901 ξυνωμοσίας
1533 1817 1584 1880 ce

355 1916 402 1992 τῷ
434 1907 542 1992 δήμῳ]
574 1908 680 1971 Herw.
763 1906 818 1970 ἀπ’
851 1907 921 1988 (ἀπ’
946 1907 1069 1989 Cobet.)
1102 1908 1222 1972 ἐκείνου
1255 1907 1359 1972 ε’δόκει
1390 1908 1583 1990 πραχθῆναι.

400 2001 429 2060 2.
461 1997 542 2080 πρὸς
575 1997 740 2067 Βοιωτούς
772 1996 830 2081 [τι]
863 1997 1056 2079 πράσσοντες
1088 1996 1194 2061 Herw.
1264 1999 1292 2059 3.
1324 1998 1381 2060 καί
1409 2020 1475 2060 τινα
1502 1996 1580 2078 μίαν

356 2111 453 2151 νυκτα
470 2086 529 2171 -]
552 2111 688 2157 τινες-
704 2084 810 2150 Herw.
881 2086 1090 2171 περιεστήκει]
1114 2087 1183 2150 Imo
1199 2089 1411 2171 περιειστήκει.
1480 2089 1509 2148 4.
1525 2085 1582 2148 θε-

356 2177 546 2259 ραπεύοντες
567 2175 603 2239 τὸ
626 2200 658 2238 τε
680 2176 723 2258 (τε
744 2175 813 2256 τὸῗ)
830 2212 871 2220 -
890 2176 936 2258 μὴ
960 2175 1120 2259 θορυβεῖν.
1187 2176 1244 2260 τήν
1259 2177 1456 2259 Σαλαμινίαν
1480 2174 1582 2258 [ναῦν]

358 2265 466 2329 Cobet.
506 2265 550 2329 Cf.
575 2265 614 2327 ad
638 2264 693 2326 VI.
719 2267 768 2327 53.
801 2263 887 2328 VIIL
916 2265 965 2328 74.
1049 2265 1090 2327 δι’
1118 2265 1256 2350 ἐκείνου]
1289 2265 1397 2329 Malim
1430 2264 1470 2327 δι’
1502 2265 1582 2327 έκεῖ-

356 2379 420 2418 νον.
459 2354 503 2419 Cf.
528 2356 579 2418 29.
603 2353 648 2417 ὅτι
673 2353 712 2416 δι’
736 2355 855 2418 ἐκεῖνον
879 2354 915 2417 οἵ
930 2353 957 2416 τ’
976 2352 1109 2436 Ἀργεῖοι
1132 2355 1374 2438 ξυνεστράτευον
1397 2361 1454 2418 ebe.
1515 2377 1582 2416 πει-

358 2444 474 2527 σθῆναι
497 2443 597 2527 σφᾶς]
620 2444 788 2526 πεισθῆναι
813 2444 898 2526 σφίσι
923 2444 1003 2526 conj.
1029 2444 1127 2508 Bekk.
1151 2449 1183 2508 et
1204 2443 1336 2508 Lindon.
1375 2443 1464 2508 Haeo
1486 2442 1584 2506 verba

357 2533 457 2597 deleri
489 2533 581 2616 jubet
568 2533 743 2616 t,(}oeller
775 2533 845 2596 coll.
870 2535 920 2596 29.
954 2533 999 2596 ὅτι
1028 2533 1069 2597 δι’
1092 2535 1213 2597 ἐκεῖνον
1236 2540 1293 2598 etc.
1333 2532 1391 2609 Qu.
1415 2533 1584 2616 πεισθῆναι

356 2625 396 2686 ἂν
419 2623 514 2706 σφίσι.

446 2712 500 2776 VI.
526 2713 576 2775 62.
600 2714 629 2774 4.
652 2711 760 2776 Lectio
793 2673 936 2794 ἐγίνοντο
969 2712 1009 2774 cb
1041 2712 1196 2776 ἀπέδοντο
1224 2713 1271 2776 sic
1294 2713 1370 2775 olim
1394 2713 1524 2796 script‚o
1547 2712 1584 2774 ni

356 2801 460 2885 fallor,
484 2802 580 2865 venit
647 2800 829 2872 Νικίας-
852 2807 960 2903 παρῆν
987 2800 1072 2871 ές
1041 2826 1077 2865 το
1101 2803 1276 2884 στράτευμα
1300 2803 1354 2866 καλ
1376 2801 1583 2884 τάνδράποδα

356 2890 518 2955 ἀπέδοσαν
551 2891 718 2970 (ἀπέδοντο
742 2891 903 2954 nolint
872 2895 903 2953 et
934 2891 981 2968 sio
1013 2897 1068 2955 aut
1100 2890 1237 2954 ἀπέδοτο
1271 2890 1403 2974 Cobet),
1434 2891 1488 2954 και
1516 2892 1583 2972 ε’γέ-

357 3004 449 3043 νοντο
482 2981 561 3062 (imo
594 2980 730 3061 ἐγένετο)
758 2980 793 3053 ἐξ
820 2980 926 3042 αὐτῶν
953 2981 1052 3043 εἴκοσι
1083 2979 1137 3043 καὶ
1164 2980 1278 3044 ἑκατὸν
1300 2982 1442 3044 τάλαντα.
1509 2981 1581 3044 τάν-

358 3068 506 3151 δράποδα
543 3067 706 3131 ἀπέδοσαν
745 3068 799 3131 καλ
840 3069 983 3150 ἕγένοπο
1024 3070 1059 3142 ἐξ
1095 3070 1201 3132 αὐτων
1237 3072 1336 3134 εἴκοσι
1375 3069 1429 3133 καλ
1470 3068 1584 3133 ἑκατὸν

356 3156 506 3241 τάλαντα]
538 3157 743 3240 τάνδράποδα
775 3156 931 3220 ἀπέδοντο
963 3157 1018 3221 καλ
1049 3159 1240 3240 έγένετο-
1265 3159 1371 3225 Cobet
1410 3158 1516 3223 Recte.

401 3237 607 3329 τάνδράποδα
640 3246 817 3332 ἀπέδοσαν]
849 3246 1054 3334 τάνδράποδα
1087 3249 1294 3332 ἀπεδόθησαν
1322 3248 1461 3331 Madvig.
1500 3247 1584 3332 Lege

358 3335 522 3399 ἀπέδοντο.
561 3335 607 3401 Cf.
635 3336 676 3399 ad
702 3337 777 3400 Eur.
804 3336 890 3420 Cycl.
916 3338 988 3400 239.
1020 3338 1234 3421 ἔφασκόν-
1263 3340 1296 3409 ές
1327 3339 1474 3402 θάδιόλια
1500 3337 1505 3423 )
1528 3344 1584 3421 τῆς

358 3425 435 3510 νηὸς
458 3426 647 3509 ἐμβαλόντες
669 3426 851 3492 ἀποδώσειν
873 3427 929 3491 τινὶ
950 3427 954 3512 )
974 3428 1109 3510 πέτρους
1131 3429 1304 3511 μοχλεύειν.

447 3515 502 3578 VI.
527 3516 577 3579 63.
602 3519 631 3579 2.
654 3516 708 3579 καλ
731 3516 837 3600 ἐπειδὴ
854 3517 998 3587 πλέοντες
1018 3518 1101 3582 τότε
1117 3517 1275 3602 έπεκεῖνα]
1301 3517 1359 3594 Qu.
1377 3555 1418 3562 —
1435 3518 1583 3581 πλέουσιν

359 3605 391 3674 ές
413 3603 450 3667 τὰ
474 3606 626 3669 ε’πεκεῖνα.
695 3604 872 3690 ἐφαίνοντο]
897 3607 1040 3689 ἐφαίνετο
1065 3607 1101 3670 C
1139 3606 1245 3670 Recte.

448 3692 503 3755 VL
528 3695 578 3756 64.
603 3697 632 3756 2.
663 3719 737 3765 τους
769 3694 873 3779 σφων]
910 3720 974 3759 των
1011 3701 1105 3777 σφῶν
1137 3697 1298 3760 abunde
1325 3701 1390 3760 τῶν
1422 3697 1584 3779 σφετέρων

359 3783 439 3863 conj.
467 3781 503 3844 R
532 3782 672 3847 Shilleto.
720 3783 765 3847 Cf.
794 3785 833 3847 ad
862 3783 917 3847 VI.
946 3787 996 3848 89
1033 3785 1149 3848 τῶνδ
1149 3783 1287 3868 ήμων
1319 3787 1497 3869 (ἡμετέρων
1529 3790 1585 3848 aut

360 3803 480 3954 ἐμιάνλ)
503 3871 682 3953 προγόνων.
741 3874 769 3934 5.
793 3872 896 3936 έπλ
865 3897 900 3936 το
924 3873 1100 3956 στράτευμα
1124 3874 1310 3958 (σταύρωμα
1331 3876 1449 3955 Herw.)
1472 3876 1583 3939 ε’λθεῖν.

404 3959 524 4043 ῥᾳδίως
548 3959 594 4043 [τὸ
618 3961 804 4046 στράτευμα]
828 3962 935 4026 Herw.

449 4049 503 4113 VI.
529 4050 579 4112 65.
604 4051 632 4111 2.
665 4057 819 4132 προεῖπον
850 4052 1009 4135 πανδημεί
1040 4058 1134 4117 πᾶσιν
1162 4053 1296 4137 (delevit
1317 4054 1439 4135 Herw.)
1463 4055 1582 4128 ἐξιέναι.

361 4139 407 4204 Cf.
430 4139 470 4202 ad
493 4138 517 4202 Ι.
543 4140 592 4202 90.
613 4140 641 4203 3.
710 4140 870 4224 ἐξέβαινον
895 4143 927 4212 ές
953 4141 1007 4205 τὸν
1031 4142 1075 4224 (τὸ
1099 4142 1134 4206 Ε.
1140 4163 1211 4297 tqu.
1234 4143 1282 4225 τό)
1306 4142 1386 4208 κατὰ
1409 4144 1444 4208 τὸ
1463 4143 1583 4226 Ὀλυμ-

359 4235 467 4293 πιεῖον.
534 4228 568 4292 έν
589 4235 627 4312 τῇ
650 4226 801 4313 Λεοντίνη
825 4230 873 4343 μή
896 4228 1075 4296 Λεοντίνων
1098 4237 1154 4297 aut
1179 4240 1217 4317 τῇ
1238 4239 1303 4297 τῶν
1326 4233 1547 4315 Λεοντίνωνθ).

449 4316 503 4381 VI.
521 4318 572 4381 66.
590 4319 618 4381 1.
641 4319 833 4383 καθῖσαν
801 4343 837 4383 το
861 4321 1053 4405 στράτευμα]
1078 4322 1217 4386 καθίσαν
1240 4328 1295 4387 aut
1317 4322 1471 4387 ἐκάθισαν
1494 4323 1583 4386 codd.

360 4407 458 4472 Bekk.
497 4408 608 4472 Scribe
630 4409 792 4473 καθεῖσαν.
832 4408 876 4472 Cf.
900 4410 939 4472 ad
966 4411 1033 4474 VII.
1058 4413 1109 4474 82.
1186 4411 1269 4494 πρὸς
1290 4413 1453 4495 μετέωρόν
1475 4437 1502 4476 τι
1525 4435 1582 4476 κα-

359 4497 446 4560 θεῖσε
469 4497 526 4579 (sio
548 4498 588 4561 A.
611 4497 648 4562 D.
665 4498 700 4561 Ε.
716 4498 749 4561 Ε.
766 4496 801 4561 G.
825 4499 969 4563 έκαθεῖσε
991 4500 1091 4582 Β.)
1062 4524 1118 4584 την
1141 4502 1294 4584 στρατιάν.
1317 4501 1411 4566 Hom.
1434 4502 1471 4566 Il.
1488 4503 1518 4586 5,
1533 4502 1583 4564 36.
