3576 5340
519 1079 1046 1204 THUOYDIDES.

456 1267 621 1331 Bekkeri
653 1269 788 1351 editio,
820 1268 984 1333 Londini
1019 1269 1113 1330 1832.

689 1573 804 1637 Liber
836 1574 860 1638 Ι.

235 1787 237 1792 ,
261 1714 287 1777 I:
309 1713 452 1778 Prooem.
486 1714 682 1796 ἀκμάζοντές
712 1740 744 1778 τε
775 1714 857 1798 ἦσαν
881 1714 977 1800 (ᾖσαν
1001 1715 1123 1798 Cobet.)
1152 1716 1184 1786 ἒς
1211 1714 1315 1778 αὐτόν.
1355 1713 1398 1776 Cf.

171 1805 255 1870 Xon.
284 1803 386 1916 *Anah
402 1802 483 1902 'VIL
508 1806 558 1867 27.
590 1805 734 1888 ἤλθομεν
767 1807 810 1875 εἰς
840 1804 895 1868 τδν
926 1805 1068 1887 πόλεμον
1092 1843 1133 1850 -
1157 1806 1282 1888 ἔχοντες
1312 1804 1398 1886 τριή-

172 1918 236 1976 ρας
257 1893 469 2045 λλεν1.κ1]τδν
491 1981 633 2064 πόλεμον
647 1987 712 2046 τῶν
730 1985 767 2064 (f.
782 1982 837 2047 τὸν
852 1985 926 2063 τῶν)
942 1983 1214 2067 Πελοποννησίων
1229 1982 1283 2046 καλ
1301 1981 1399 2064 Ἀθη-

171 2073 278 2137 ναίων.
348 2073 376 2133 2.
400 2072 519 2153 κίνησις
542 2071 602 2154 γὴρ
626 2073 703 2154 αὕτη
726 2074 854 2155 μεγίστη
880 2073 919 2156 δὴ
945 2073 1003 2157 -]
1027 2075 1147 2156 κίνησις
1171 2073 1231 2155 γὰρ
1255 2073 1333 2154 αὕτη
1359 2070 1398 2152 δὴ

170 2162 298 2245 μεγίστη
322 2161 356 2224 F.
395 2159 486 2236 Quod
509 2161 641 2225 fortasse
664 2163 918 2245 praeferendum.
958 2163 1002 2226 of.
1027 2183 1053 2226 ε.
1076 2184 1105 2246 g.
1129 2163 1185 2226 VI.
1212 2163 1283 2224 103.
1308 2157 1401 2230 οὗτος

172 2251 233 2334 γὰρ
258 2251 297 2334 δὴ
321 2249 422 2332 μόνος
450 2248 512 2333 εἶχε
535 2288 577 2295 -
600 2251 657 2334 τὴν
680 2251 791 2334 ἀρχήν.
819 2252 892 2315 VII.
920 2253 992 2316 170.
1020 2252 1122 2334 φόνος
1139 2250 1321 2335 Ἑλληνικὸς
1343 2251 1400 2333 μέ-

173 2364 275 2423 γιστος
298 2337 390 2406 οὗτος
418 2339 457 2421 δὴ
482 2341 602 2422 ἐγένετο
625 2340 754 2405 πάντων
775 2346 840 2404 τῶν
863 2343 954 2424 ἡμεῖς
977 2342 1075 2424 ἴδμεν.
1115 2341 1177 2404 Sed
1201 2341 1225 2404 I.
1250 2342 1300 2404 50.
1324 2363 1400 2403 ναυ-

173 2431 271 2512 μαχία
300 2428 360 2511 γὰρ
387 2429 465 2510 αὕτη
491 2467 532 2474 -
555 2431 682 2512 μεγίστη
708 2430 747 2513 δὴ
772 2436 836 2494 τῶν
858 2431 922 2513 πρὸ
950 2432 1046 2513 αὐτῆς
1070 2432 1237 2514 γεγένηται.
1267 2429 1325 2493 ΙΙΙ.
1350 2431 1401 2493 98.

176 2517 263 2581 οὗτοι
293 2519 439 2600 βέλτιστοι
472 2518 511 2600 δὴ
545 2519 659 2600 ἀνδρες
684 2557 723 2564 -
749 2520 979 2603 διεφθάρησαν.
1008 2521 1046 2582 V.
1072 2522 1126 2583 66..
1149 2520 1282 2602 μάλιστα
1308 2518 1347 2601 δὴ
1372 2520 1403 2581 σί

175 2607 431 2690 Λακεδαιμόνιοι.
459 2606 513 2669 VI.
532 2610 582 2670 54.
605 2609 816 2691 ἐπετήδευσαν
838 2610 889 2672 ἐπὶ
916 2611 1059 2673 πλεῖστον
1083 2609 1121 2691 δὴ
1145 2610 1292 2691 τύραννοι
1316 2604 1402 2671 οὗτοι

174 2697 288 2780 ἀρετὴν
309 2697 372 2760 κτλ.
397 2695 468 2759 VII.
486 2698 537 2758 75.
559 2698 705 2779 μέγιστον
728 2696 789 2780 γὰρ
813 2698 852 2781 δη
876 2698 912 2761 τὸ
937 2699 1094 2780 διάφορον
1116 2704 1208 2760 τοῦτο
1226 2697 1403 2779 Ἑλληνικῷ

174 2787 377 2869 στρατεύματι
409 2787 539 2869 ἐγένετο.
573 2785 720 2849 11185.
757 2788 899 2858 πλεῖστος
935 2787 995 2870 γάρ
1033 2787 1072 2870 δὴ
1106 2786 1207 2870 φόνος
1243 2784 1336 2856 οὗτος
1360 2824 1402 2832 -

173 2877 304 2959 ἐγένετο.
373 2876 423 2938 δπλ
445 2876 587 2939 πλεῖστον
610 2876 809 2960 ἀνθρώπων]
839 2875 882 2940 Of.
906 2877 930 2939 I.
957 2879 1029 2940 138.
1057 2881 1121 2940 τῶν
1148 2876 1328 2958 μελλόντων
1351 2874 1403 2938 ἐπὶ

172 2966 316 3029 πλεῖστον
338 2971 394 3029 τοῦ
424 2966 637 3048 γενησομένου
667 2966 792 3048 ἀριστος
816 2967 968 3050 εἰκαστής.
999 2965 1039 3030 ΙΙ.
1065 2968 1114 3028 34.
1139 2967 1230 3036 ὁπως
1253 2965 1402 3029 ἀκούσιτο

174 3055 220 3125 ὡς
244 3055 294 3118 ἐπί
317 3055 460 3119 πλεῖστον
486 3061 556 3118 τοῦι
571 3055 692 3138 ὁμίλου.
784 3057 819 3119 ἑκ
849 3056 883 3120 δὲ
910 3058 1090 3139 τεκμηρίων
1113 3054 1161 3120 ὧν
1185 3055 1243 3140 -]
1271 3057 1295 3119 Ι.
1319 3075 1344 3118 θ.
1369 3056 1403 3127 ἕξ

174 3143 294 3298 (gv-ta
328 3143 524 3296 &111AEss
549 3145 582 3208 ἒν
605 3151 728 3227 καιροῖς
751 3145 798 3215 οἷς
821 3147 850 3226 (i.
875 3165 900 3210 ο.
925 3147 958 3210 ἒν
982 3147 1039 3228 οίς)
1061 3145 1124 3209 κτλ.
1149 3145 1305 3210 Schaefer.
1329 3145 1402 3209 Mel.

201 3255 249 3297 τι.
272 3255 302 3317 p.
394 3282 401 3295 .

262 3324 287 3387 I.
312 3325 341 3387 2.
367 3324 394 3387 1.
417 3329 472 3406 τῆς
495 3324 649 3405 ἐμπορίας
665 3360 705 3368 -
723 3324 884 3408 ἀλλήλοις]
909 3324 954 3387 Of.
979 3323 1072 3408 Soph.
1090 3325 1171 3388 Phil.
1190 3325 1239 3388 70.
1263 3325 1311 3386 Tr.
1330 3325 1402 3386 292.

194 3412 338 3496 ’ἀδηλον
362 3414 399 3476 ὃν
422 3413 517 3476 ὁπότε
539 3437 583 3483 τις
612 3413 760 3476 ἐπελθὼν
788 3414 841 3476 καὶ
874 3415 1052 3496 ἀτειχίστων
1084 3415 1151 3495 ἅμα
1184 3413 1287 3476 ὄντων
1310 3413 1404 3482 ἀλλος

175 3502 264 3578 (αὐτὰ
297 3507 352 3565 aut
383 3503 498 3575 πάντα,
532 3506 588 3565 aut
611 3501 842 3585 προσβαλὼνλ)
867 3503 1080 3584 ἀφαιρήσεται.
1120 3501 1164 3564 Cf.
1188 3503 1283 3565 Isocr.
1308 3504 1327 3583 ἓ
1352 3504 1403 3565 34.

174 3591 294 3674 ἄδηλον
327 3591 422 3654 ὁπότε
453 3617 498 3662 τις
529 3590 653 3661 ἐπιστὰς
685 3593 891 3674 κοιμώμενον
920 3629 962 3638 -
991 3592 1146 3673 φονεύσει.
1236 3590 1292 3674 τὴν
1326 3597 1403 3673 γοῦν

171 3681 311 3764 Ἀττικὴν
339 3683 375 3744 ἐκ
403 3687 459 3743 τοῦ
488 3681 563 3761 (del.
592 3681 628 3744 ἐκ
651 3684 744 3762 τοῦθ)
769 3719 810 3727 -
835 3682 1040 3745 ἀστασίαστον
1063 3679 1163 3744 οὖσαν
1187 3679 1317 3760 (εἶναιλ)
1340 3679 1403 3744 κτλ.

176 3769 219 3833 Of.
243 3771 300 3834 VI.
319 3771 346 3833 1.
369 3777 424 3854 τῆς
446 3771 611 3853 θαλάσσης
634 3772 795 3854 διείργεται
817 3771 852 3834 τδ
875 3771 920 3855 μὴ
945 3773 1075 3854 ἤπειρος
1103 3768 1183 3834 οὖσα
1208 3772 1282 3849 (imo
1306 3769 1403 3850 εἶναι).

220 3863 249 3922 2.
277 3859 313 3922 τὸ
341 3859 531 3943 λεπτόγεων]
568 3860 685 3924 Contra
708 3860 826 3924 Herod.
849 3861 904 3924 IV.
930 3863 980 3923 23.
1012 3860 1123 3930 πεδιάς
1150 3884 1181 3923 τε
1205 3866 1246 3942 γῆ
1268 3859 1322 3923 καί
1344 3861 1403 3942 βα·
1440 3892 1445 3901 ·

175 3949 312 4031 θόγεως.
379 3950 415 4013 ἐκ
430 3955 486 4012 τοῦ
503 3987 546 3995 -
562 3949 765 4014 ἀστασίαστον
781 3948 881 4014 οὖσαν
896 3948 1026 4032 (εἷναιλ).
1096 3951 1124 4011 3.
1149 3949 1199 4013 διὰ
1222 3948 1278 4019 τὰς
1299 3973 1403 4031 μετοι-

175 4039 245 4109 κίας
277 4039 309 4109 ἒς
336 4038 373 4102 τὰ
397 4039 474 4103 ἀλλα
505 4039 551 4122 μὴ
585 4040 707 4122 ὁμοίως
739 4039 934 4123 αὐξηθῆναι]
974 4038 1024 4103 διὰ
1057 4038 1111 4109 τὰς
1142 4040 1336 4121 μετοικήσεις
1366 4037 1403 4100 τὰ

176 4128 252 4192 ἄλλα
275 4165 320 4174 -
343 4128 475 4193 Ullrich.
514 4127 625 4213 Recte,
658 4131 783 4213 opinor,
815 4131 878 4193 nisi
912 4129 997 4211 quod
1025 4129 1269 4212 praeferendum
1300 4137 1404 4210 μετοι-

176 4241 278 4288 κισεις.
846 4240 848 4246 ’

263 4308 288 4370 Ι.
313 4309 342 4370 3.
367 4308 396 4369 l.
418 4311 483 4371 τῶν
506 4306 573 4391 (τὴν
588 4308 685 4390 mm)
708 4307 853 4372 παλαιῶν
870 4308 1045 4372 ἀσθένειαν.
1114 4307 1206 4392 εἶχεν]
1232 4305 1291 4383 Qu.
1312 4313 1404 4390 σχεῖν.

220 4398 250 4460 2.
278 4397 488 4479 ἀπαγομένων
511 4396 625 4467 αὸτσὺς
649 4398 815 4480 (αὐτῶνδ).
887 4397 924 4461 τὰ
948 4398 1007 4480 μὲν
1030 4396 1094 4479 πρὸ
1119 4435 1159 4444 -
1184 4397 1406 4465 Δευκαλίωνος

177 4487 228 4549 καί
260 4489 336 4570 (om.
365 4487 402 4549 G.
429 4490 530 4567 recte)
565 4487 650 4563 πάνυ
680 4487 755 4550 οὐδὲ
783 4487 860 4551 είναι
883 4488 946 4551 κτλ.
1014 4488 1071 4570 ἀφ’
1095 4489 1217 4550 ἑαυτῶν
1240 4487 1296 4568 τὴν
1319 4487 1404 4549 ἕπω-

177 4577 289 4658 νυμίαν
312 4576 525 4660 παρέχεσθαι]
549 4575 593 4639 Of.
616 4575 641 4638 I.
665 4577 694 4639 9.
716 4576 773 4660 τὴν
791 4577 976 4660 ἐπωνυμίαν
991 4584 1045 4660 τῆς
1060 4577 1170 4660 χώρας
1193 4576 1351 4658 ἓπύηλτην
1366 4576 1405 4656 (2]
