<?xml version="1.0" encoding="UTF-8"?>
<!DOCTYPE html PUBLIC "-//W3C//DTD XHTML 1.0 Transitional//EN"
    "http://www.w3.org/TR/xhtml1/DTD/xhtml1-transitional.dtd">
<html xmlns="http://www.w3.org/1999/xhtml" xml:lang="en" lang="en">
 <head>
  <title>
</title>
<meta http-equiv="Content-Type" content="text/html;charset=utf-8" />
  <meta name='ocr-system' content='tesseract 3.04.00' />
  <meta name='ocr-capabilities' content='ocr_page ocr_carea ocr_par ocr_line ocrx_word'/>
</head>
<body>
  <div class='ocr_page' id='page_1' title='image "./adversariainthu00blaygoog_0045.png"; bbox 0 0 3576 5340; ppageno 0'>
   <div class='ocr_carea' id='block_1_1' title="bbox 373 397 1079 466">
    <p class='ocr_par' dir='ltr' id='par_1_1' title="bbox 373 397 1079 466">
     <span class='ocr_line' id='line_1_1' title="bbox 373 397 1079 466; baseline 0.004 -3"><span class='ocrx_word' id='word_1_1' title='bbox 373 397 413 464; x_wconf 80' lang='lat'><strong><em>3&#39;6</em></strong></span> <span class='ocrx_word' id='word_1_2' title='bbox 894 419 1079 466; x_wconf 78' lang='grc' dir='ltr'><strong><em>υτσατυιουε</em></strong></span> 
     </span>
    </p>
   </div>
   <div class='ocr_carea' id='block_1_2' title="bbox 364 577 1602 1197">
    <p class='ocr_par' dir='ltr' id='par_1_2' title="bbox 364 577 1602 1197">
     <span class='ocr_line' id='line_1_2' title="bbox 374 577 1602 663; baseline 0.002 -21"><span class='ocrx_word' id='word_1_3' title='bbox 374 578 503 661; x_wconf 86' lang='lat' dir='ltr'><strong>omnes).</strong></span> <span class='ocrx_word' id='word_1_4' title='bbox 528 581 641 663; x_wconf 82' lang='lat' dir='ltr'><strong>Amph.</strong></span> <span class='ocrx_word' id='word_1_5' title='bbox 664 579 725 643; x_wconf 90' lang='lat' dir='ltr'><strong>III..</strong></span> <span class='ocrx_word' id='word_1_6' title='bbox 748 581 833 643; x_wconf 86' lang='lat'><strong>303.&#39;</strong></span> <span class='ocrx_word' id='word_1_7' title='bbox 851 581 921 663; x_wconf 85' lang='grc' dir='ltr'><strong><em>βίον</em></strong></span> <span class='ocrx_word' id='word_1_8' title='bbox 947 581 951 662; x_wconf 93' lang='grc' dir='ltr'>Ι</span> <span class='ocrx_word' id='word_1_9' title='bbox 977 580 1176 662; x_wconf 76' lang='grc' dir='ltr'><em>ἀληλεμένον.</em></span> <span class='ocrx_word' id='word_1_10' title='bbox 1262 581 1288 642; x_wconf 91' lang='grc'><strong>3.</strong></span> <span class='ocrx_word' id='word_1_11' title='bbox 1312 581 1408 644; x_wconf 84' lang='grc' dir='ltr'><strong><em>αἴτιον</em></strong></span> <span class='ocrx_word' id='word_1_12' title='bbox 1441 579 1476 644; x_wconf 86' lang='grc' dir='ltr'><strong><em>ἀὲ</em></strong></span> <span class='ocrx_word' id='word_1_13' title='bbox 1502 577 1543 663; x_wconf 84' lang='grc' dir='ltr'><strong><em>ήν</em></strong></span> <span class='ocrx_word' id='word_1_14' title='bbox 1571 581 1602 644; x_wconf 82' lang='grc' dir='ltr'><strong><em>οῖ</em></strong></span> 
     </span>
     <span class='ocr_line' id='line_1_3' title="bbox 373 667 1600 753; baseline 0.001 -22"><span class='ocrx_word' id='word_1_15' title='bbox 373 667 637 753; x_wconf 80' lang='grc' dir='ltr'><strong><em>Λακεδαιμόνιοι]</em></strong></span> <span class='ocrx_word' id='word_1_16' title='bbox 663 669 707 733; x_wconf 80' lang='lat' dir='ltr'><strong>Of.</strong></span> <span class='ocrx_word' id='word_1_17' title='bbox 731 669 788 732; x_wconf 91' lang='lat' dir='ltr'><strong><em>III.</em></strong></span> <span class='ocrx_word' id='word_1_18' title='bbox 813 671 863 732; x_wconf 84' lang='lat'><strong>93.</strong></span> <span class='ocrx_word' id='word_1_19' title='bbox 897 671 993 733; x_wconf 83' lang='grc' dir='ltr'><strong><em>αἴτιον</em></strong></span> <span class='ocrx_word' id='word_1_20' title='bbox 1027 669 1061 733; x_wconf 85' lang='grc' dir='ltr'><strong><em>ἀὲ</em></strong></span> <span class='ocrx_word' id='word_1_21' title='bbox 1094 668 1133 752; x_wconf 85' lang='grc' dir='ltr'><strong><em>ήν</em></strong></span> <span class='ocrx_word' id='word_1_22' title='bbox 1161 671 1197 732; x_wconf 86' lang='grc' dir='ltr'><strong><em>οἵ</em></strong></span> <span class='ocrx_word' id='word_1_23' title='bbox 1212 693 1244 732; x_wconf 89' lang='grc' dir='ltr'><strong><em>τε</em></strong></span> <span class='ocrx_word' id='word_1_24' title='bbox 1271 667 1433 733; x_wconf 85' lang='grc' dir='ltr'><strong><em>Θέσσαλοι.</em></strong></span> <span class='ocrx_word' id='word_1_25' title='bbox 1458 668 1545 732; x_wconf 90' lang='lat' dir='ltr'><strong>VIII.</strong></span> <span class='ocrx_word' id='word_1_26' title='bbox 1572 671 1600 732; x_wconf 84' lang='lat'><strong>9.</strong></span> 
     </span>
     <span class='ocr_line' id='line_1_4' title="bbox 372 756 1601 840; baseline 0 -20"><span class='ocrx_word' id='word_1_27' title='bbox 372 759 468 821; x_wconf 83' lang='grc' dir='ltr'><strong><em>αἴτιον</em></strong></span> <span class='ocrx_word' id='word_1_28' title='bbox 502 759 530 821; x_wconf 83' lang='grc' dir='ltr'><strong><em>θ’</em></strong></span> <span class='ocrx_word' id='word_1_29' title='bbox 563 759 682 840; x_wconf 79' lang='grc' dir='ltr'><strong><em>ἐγένετο</em></strong></span> <span class='ocrx_word' id='word_1_30' title='bbox 715 760 746 821; x_wconf 86' lang='grc' dir='ltr'><strong><em>σί</em></strong></span> <span class='ocrx_word' id='word_1_31' title='bbox 776 758 886 822; x_wconf 81' lang='grc' dir='ltr'><strong><em>πολλοὶ</em></strong></span> <span class='ocrx_word' id='word_1_32' title='bbox 901 762 904 766; x_wconf 77' lang='grc'><strong>’</strong></span> <span class='ocrx_word' id='word_1_33' title='bbox 918 759 978 821; x_wconf 83' lang='grc' dir='ltr'><strong><em>οὐκ</em></strong></span> <span class='ocrx_word' id='word_1_34' title='bbox 1016 758 1137 828; x_wconf 84' lang='grc' dir='ltr'><strong><em>εἰάότες.</em></strong></span> <span class='ocrx_word' id='word_1_35' title='bbox 1170 756 1227 821; x_wconf 91' lang='lat' dir='ltr'><strong><em>III.</em></strong></span> <span class='ocrx_word' id='word_1_36' title='bbox 1254 759 1325 822; x_wconf 84' lang='lat'><strong>114.</strong></span> <span class='ocrx_word' id='word_1_37' title='bbox 1409 759 1440 822; x_wconf 83' lang='grc' dir='ltr'><strong><em>οἱ</em></strong></span> <span class='ocrx_word' id='word_1_38' title='bbox 1461 757 1601 829; x_wconf 84' lang='grc' dir='ltr'><strong><em>Εἵλωτες</em></strong></span> 
     </span>
     <span class='ocr_line' id='line_1_5' title="bbox 373 844 1601 931; baseline 0.002 -22"><span class='ocrx_word' id='word_1_39' title='bbox 373 847 558 928; x_wconf 85' lang='grc' dir='ltr'><strong><em>ἀπαίροντες</em></strong></span> <span class='ocrx_word' id='word_1_40' title='bbox 583 847 679 931; x_wconf 86' lang='grc' dir='ltr'><strong><em>[ἀπὸ]</em></strong></span> <span class='ocrx_word' id='word_1_41' title='bbox 694 854 749 930; x_wconf 85' lang='grc' dir='ltr'><strong><em>τής</em></strong></span> <span class='ocrx_word' id='word_1_42' title='bbox 772 846 1022 930; x_wconf 79' lang='grc' dir='ltr'><strong><em>Πελοποννήσου</em></strong></span> <span class='ocrx_word' id='word_1_43' title='bbox 1051 847 1173 911; x_wconf 89' lang='grc' dir='ltr'><strong><em>όπόθεν</em></strong></span> <span class='ocrx_word' id='word_1_44' title='bbox 1200 848 1322 930; x_wconf 85' lang='grc' dir='ltr'><strong><em>τύχοιεν</em></strong></span> <span class='ocrx_word' id='word_1_45' title='bbox 1341 844 1461 929; x_wconf 55' lang='lat' dir='ltr'><strong>Cobet„</strong></span> <span class='ocrx_word' id='word_1_46' title='bbox 1486 849 1601 930; x_wconf 78' lang='lat' dir='ltr'><strong>geniti-</strong></span> 
     </span>
     <span class='ocr_line' id='line_1_6' title="bbox 364 931 1599 1021; baseline 0.002 -24"><span class='ocrx_word' id='word_1_47' title='bbox 364 956 448 1019; x_wconf 10' lang='lat' dir='ltr'>‘vum</span> <span class='ocrx_word' id='word_1_48' title='bbox 468 955 509 1000; x_wconf 79' lang='lat' dir='ltr'><strong><em>ex</em></strong></span> <span class='ocrx_word' id='word_1_49' title='bbox 525 931 646 1001; x_wconf 87' lang='grc' dir='ltr'><strong><em>ὁπόθεν</em></strong></span> <span class='ocrx_word' id='word_1_50' title='bbox 669 937 808 1019; x_wconf 83' lang='lat' dir='ltr'><strong>pendere</strong></span> <span class='ocrx_word' id='word_1_51' title='bbox 832 936 1014 1000; x_wconf 84' lang='lat' dir='ltr'><strong>admonens.</strong></span> <span class='ocrx_word' id='word_1_52' title='bbox 1053 936 1095 999; x_wconf 74' lang='lat' dir='ltr'><strong><em>et</em></strong></span> <span class='ocrx_word' id='word_1_53' title='bbox 1110 938 1155 1000; x_wconf 80' lang='lat' dir='ltr'><strong><em>sic</em></strong></span> <span class='ocrx_word' id='word_1_54' title='bbox 1171 937 1276 1000; x_wconf 84' lang='lat' dir='ltr'><strong>Horw.</strong></span> <span class='ocrx_word' id='word_1_55' title='bbox 1345 939 1374 999; x_wconf 87' lang='lat'><strong><em>4.</em></strong></span> <span class='ocrx_word' id='word_1_56' title='bbox 1398 936 1599 1021; x_wconf 79' lang='grc' dir='ltr'><strong><em>καθεστήκει]</em></strong></span> 
     </span>
     <span class='ocr_line' id='line_1_7' title="bbox 371 1024 1600 1108; baseline 0.001 -20"><span class='ocrx_word' id='word_1_57' title='bbox 371 1025 439 1088; x_wconf 91' lang='lat' dir='ltr'><strong><em>Imo</em></strong></span> <span class='ocrx_word' id='word_1_58' title='bbox 463 1027 676 1108; x_wconf 77' lang='grc' dir='ltr'><strong><em>καθειστήκει,</em></strong></span> <span class='ocrx_word' id='word_1_59' title='bbox 701 1032 737 1088; x_wconf 85' lang='lat' dir='ltr'><strong><em>ut</em></strong></span> <span class='ocrx_word' id='word_1_60' title='bbox 758 1027 791 1088; x_wconf 87' lang='lat' dir='ltr'><strong><em>in</em></strong></span> <span class='ocrx_word' id='word_1_61' title='bbox 816 1026 848 1088; x_wconf 81' lang='lat' dir='ltr'><strong>F.</strong></span> <span class='ocrx_word' id='word_1_62' title='bbox 873 1045 952 1089; x_wconf 84' lang='lat' dir='ltr'><strong>corr.</strong></span> <span class='ocrx_word' id='word_1_63' title='bbox 977 1031 1009 1088; x_wconf 83' lang='lat' dir='ltr'><strong><em>et</em></strong></span> <span class='ocrx_word' id='word_1_64' title='bbox 1032 1025 1067 1088; x_wconf 79' lang='lat' dir='ltr'><strong>G.</strong></span> <span class='ocrx_word' id='word_1_65' title='bbox 1138 1028 1164 1087; x_wconf 84' lang='lat'><strong>5.</strong></span> <span class='ocrx_word' id='word_1_66' title='bbox 1189 1025 1368 1108; x_wconf 83' lang='grc' dir='ltr'><strong><em>κατάρσεις]</em></strong></span> <span class='ocrx_word' id='word_1_67' title='bbox 1398 1024 1502 1088; x_wconf 84' lang='lat' dir='ltr'><strong>Schol.</strong></span> <span class='ocrx_word' id='word_1_68' title='bbox 1526 1024 1600 1096; x_wconf 84' lang='grc' dir='ltr'><strong><em>τοὺς</em></strong></span> 
     </span>
     <span class='ocr_line' id='line_1_8' title="bbox 373 1114 1460 1197; baseline 0 -21"><span class='ocrx_word' id='word_1_69' title='bbox 373 1115 567 1197; x_wconf 77' lang='grc' dir='ltr'><strong><em>ἐπιτηδείους</em></strong></span> <span class='ocrx_word' id='word_1_70' title='bbox 590 1117 633 1184; x_wconf 90' lang='grc' dir='ltr'><strong><em>εἰς</em></strong></span> <span class='ocrx_word' id='word_1_71' title='bbox 656 1115 847 1197; x_wconf 86' lang='grc' dir='ltr'><strong><em>καταγωγήν</em></strong></span> <span class='ocrx_word' id='word_1_72' title='bbox 870 1115 995 1184; x_wconf 84' lang='grc' dir='ltr'><strong><em>τόπους.</em></strong></span> <span class='ocrx_word' id='word_1_73' title='bbox 1020 1116 1050 1177; x_wconf 83' lang='grc' dir='ltr'><strong>Α</strong></span> <span class='ocrx_word' id='word_1_74' title='bbox 1070 1114 1226 1197; x_wconf 86' lang='grc' dir='ltr'><strong><em>καταίρειν</em></strong></span> <span class='ocrx_word' id='word_1_75' title='bbox 1249 1116 1319 1197; x_wconf 72' lang='lat' dir='ltr'><strong>(AV.</strong></span> <span class='ocrx_word' id='word_1_76' title='bbox 1346 1115 1460 1196; x_wconf 67' lang='lat'><strong>1288).</strong></span> 
     </span>
    </p>
   </div>
   <div class='ocr_carea' id='block_1_3' title="bbox 460 1220 1598 1307">
    <p class='ocr_par' dir='ltr' id='par_1_3' title="bbox 460 1220 1598 1307">
     <span class='ocr_line' id='line_1_9' title="bbox 460 1220 1598 1307; baseline 0.003 -25"><span class='ocrx_word' id='word_1_77' title='bbox 460 1220 514 1283; x_wconf 88' lang='lat' dir='ltr'><strong><em>IV.</em></strong></span> <span class='ocrx_word' id='word_1_78' title='bbox 533 1225 583 1284; x_wconf 80' lang='lat'><strong>27.</strong></span> <span class='ocrx_word' id='word_1_79' title='bbox 602 1224 629 1283; x_wconf 86' lang='lat'><strong>2.</strong></span> <span class='ocrx_word' id='word_1_80' title='bbox 654 1221 897 1305; x_wconf 79' lang='grc' dir='ltr'><strong><em>ἐκπλεύσεσθαι]</em></strong></span> <span class='ocrx_word' id='word_1_81' title='bbox 916 1220 973 1297; x_wconf 76' lang='lat' dir='ltr'><strong><em>Qu,</em></strong></span> <span class='ocrx_word' id='word_1_82' title='bbox 990 1222 1238 1285; x_wconf 81' lang='grc' dir='ltr'><strong><em>έκπλευσεῖσθαι.</em></strong></span> <span class='ocrx_word' id='word_1_83' title='bbox 1300 1221 1598 1307; x_wconf 81' lang='grc' dir='ltr'><strong><em>ἐπικηρυκεύεσθαι]</em></strong></span> 
     </span>
    </p>
   </div>
   <div class='ocr_carea' id='block_1_4' title="bbox 243 1309 1599 1394">
    <p class='ocr_par' dir='ltr' id='par_1_4' title="bbox 243 1309 1599 1394">
     <span class='ocr_line' id='line_1_10' title="bbox 243 1309 1599 1394; baseline 0 -21"><span class='ocrx_word' id='word_1_84' title='bbox 243 1364 245 1370; x_wconf 95' lang='grc'><strong>.</strong></span> <span class='ocrx_word' id='word_1_85' title='bbox 371 1309 454 1392; x_wconf 84' lang='lat' dir='ltr'><strong>Lege</strong></span> <span class='ocrx_word' id='word_1_86' title='bbox 479 1311 792 1392; x_wconf 84' lang='grc' dir='ltr'><strong><em>ε’πικηρυκεύσεσθαι.</em></strong></span> <span class='ocrx_word' id='word_1_87' title='bbox 884 1313 912 1372; x_wconf 88' lang='lat'><strong><em>3.</em></strong></span> <span class='ocrx_word' id='word_1_88' title='bbox 942 1311 1215 1393; x_wconf 84' lang='grc' dir='ltr'><strong><em>ἀναγκασθήσεται</em></strong></span> <span class='ocrx_word' id='word_1_89' title='bbox 1238 1313 1257 1392; x_wconf 81' lang='grc' dir='ltr'><em>ἢ</em></span> <span class='ocrx_word' id='word_1_90' title='bbox 1283 1347 1324 1355; x_wconf 87' lang='grc'><strong>-</strong></span> <span class='ocrx_word' id='word_1_91' title='bbox 1347 1311 1472 1394; x_wconf 79' lang='grc' dir='ltr'><strong><em>ψευάής</em></strong></span> <span class='ocrx_word' id='word_1_92' title='bbox 1494 1313 1599 1394; x_wconf 82' lang='grc' dir='ltr'><strong><em>φανή-</em></strong></span> 
     </span>
    </p>
   </div>
   <div class='ocr_carea' id='block_1_5' title="bbox 367 1398 1599 2711">
    <p class='ocr_par' dir='ltr' id='par_1_5' title="bbox 367 1398 1599 2711">
     <span class='ocr_line' id='line_1_11' title="bbox 372 1398 1598 1483; baseline 0.002 -22"><span class='ocrx_word' id='word_1_93' title='bbox 372 1398 499 1482; x_wconf 92' lang='grc' dir='ltr'><strong><em>σεσθαι]</em></strong></span> <span class='ocrx_word' id='word_1_94' title='bbox 530 1399 587 1475; x_wconf 77' lang='lat' dir='ltr'><strong>Qu.</strong></span> <span class='ocrx_word' id='word_1_95' title='bbox 616 1403 642 1481; x_wconf 81' lang='grc' dir='ltr'><strong><em>ι’]</em></strong></span> <span class='ocrx_word' id='word_1_96' title='bbox 670 1399 943 1482; x_wconf 85' lang='grc' dir='ltr'><strong><em>ἀναγκασθήσεται</em></strong></span> <span class='ocrx_word' id='word_1_97' title='bbox 969 1437 1008 1445; x_wconf 93' lang='grc'>-</span> <span class='ocrx_word' id='word_1_98' title='bbox 1032 1400 1156 1482; x_wconf 80' lang='grc' dir='ltr'><strong><em>ψευόής</em></strong></span> <span class='ocrx_word' id='word_1_99' title='bbox 1192 1401 1370 1482; x_wconf 84' lang='grc' dir='ltr'><strong><em>φανήσεται.</em></strong></span> <span class='ocrx_word' id='word_1_100' title='bbox 1443 1400 1598 1483; x_wconf 86' lang='grc' dir='ltr'><strong><em>ὡρμημέ-</em></strong></span> 
     </span>
     <span class='ocr_line' id='line_1_12' title="bbox 367 1488 1552 1572; baseline 0.001 -21"><span class='ocrx_word' id='word_1_101' title='bbox 367 1496 446 1558; x_wconf 90' lang='grc' dir='ltr'><strong><em>νους</em></strong></span> <span class='ocrx_word' id='word_1_102' title='bbox 477 1512 503 1550; x_wconf 94' lang='grc' dir='ltr'><strong><em>τι</em></strong></span> <span class='ocrx_word' id='word_1_103' title='bbox 536 1489 570 1550; x_wconf 88' lang='grc' dir='ltr'><strong><em>τὸ</em></strong></span> <span class='ocrx_word' id='word_1_104' title='bbox 603 1491 644 1570; x_wconf 84' lang='grc' dir='ltr'><strong><em>(τι</em></strong></span> <span class='ocrx_word' id='word_1_105' title='bbox 668 1508 728 1551; x_wconf 86' lang='lat' dir='ltr'><strong>om.</strong></span> <span class='ocrx_word' id='word_1_106' title='bbox 752 1492 789 1552; x_wconf 90' lang='lat' dir='ltr'><strong><em>A.</em></strong></span> <span class='ocrx_word' id='word_1_107' title='bbox 820 1488 890 1552; x_wconf 92' lang='lat' dir='ltr'><strong>dele</strong></span> <span class='ocrx_word' id='word_1_108' title='bbox 921 1488 994 1568; x_wconf 69' lang='grc' dir='ltr'><strong><em>τὸθ)</em></strong></span> <span class='ocrx_word' id='word_1_109' title='bbox 1027 1489 1122 1552; x_wconf 83' lang='grc' dir='ltr'><strong><em>πλέον</em></strong></span> <span class='ocrx_word' id='word_1_110' title='bbox 1154 1496 1191 1572; x_wconf 81' lang='grc' dir='ltr'><strong><em>τῇ</em></strong></span> <span class='ocrx_word' id='word_1_111' title='bbox 1225 1491 1336 1571; x_wconf 87' lang='grc' dir='ltr'><strong><em>γνώμη</em></strong></span> <span class='ocrx_word' id='word_1_112' title='bbox 1370 1490 1552 1572; x_wconf 88' lang='grc' dir='ltr'><strong><em>στρατεύειν.</em></strong></span> 
     </span>
     <span class='ocr_line' id='line_1_13' title="bbox 415 1576 1537 1662; baseline 0.001 -23"><span class='ocrx_word' id='word_1_113' title='bbox 415 1578 444 1639; x_wconf 86' lang='grc'><strong>4.</strong></span> <span class='ocrx_word' id='word_1_114' title='bbox 469 1578 500 1647; x_wconf 85' lang='grc' dir='ltr'><strong><em>ἒς</em></strong></span> <span class='ocrx_word' id='word_1_115' title='bbox 515 1576 632 1640; x_wconf 88' lang='grc' dir='ltr'><strong><em>Νικίαν</em></strong></span> <span class='ocrx_word' id='word_1_116' title='bbox 650 1615 690 1623; x_wconf 91' lang='grc'><strong>-</strong></span> <span class='ocrx_word' id='word_1_117' title='bbox 708 1579 919 1660; x_wconf 85' lang='grc' dir='ltr'><strong><em>ἀπεσήμαινεν</em></strong></span> <span class='ocrx_word' id='word_1_118' title='bbox 943 1577 1062 1660; x_wconf 78' lang='grc' dir='ltr'><strong><em>ἐχθρὸς</em></strong></span> <span class='ocrx_word' id='word_1_119' title='bbox 1084 1580 1132 1642; x_wconf 83' lang='grc' dir='ltr'><strong><em>ὢν</em></strong></span> <span class='ocrx_word' id='word_1_120' title='bbox 1155 1576 1220 1661; x_wconf 83' lang='grc' dir='ltr'><strong><em>[καί</em></strong></span> <span class='ocrx_word' id='word_1_121' title='bbox 1243 1577 1405 1662; x_wconf 82' lang='grc' dir='ltr'><strong><em>ἐπιτιμῶν]</em></strong></span> <span class='ocrx_word' id='word_1_122' title='bbox 1431 1578 1537 1642; x_wconf 81' lang='lat' dir='ltr'><strong>Cobet.</strong></span> 
     </span>
     <span class='ocr_line' id='line_1_14' title="bbox 459 1666 1599 1750; baseline 0.003 -22"><span class='ocrx_word' id='word_1_123' title='bbox 459 1666 514 1729; x_wconf 85' lang='lat' dir='ltr'><strong><em>IV.</em></strong></span> <span class='ocrx_word' id='word_1_124' title='bbox 539 1668 589 1729; x_wconf 90' lang='lat'><strong>28.</strong></span> <span class='ocrx_word' id='word_1_125' title='bbox 616 1668 642 1730; x_wconf 88' lang='lat' dir='ltr'><strong><em>I.</em></strong></span> <span class='ocrx_word' id='word_1_126' title='bbox 666 1667 766 1750; x_wconf 90' lang='grc' dir='ltr'><strong><em>πλέει]</em></strong></span> <span class='ocrx_word' id='word_1_127' title='bbox 791 1667 1001 1731; x_wconf 81' lang='lat' dir='ltr'><strong>Scribendum</strong></span> <span class='ocrx_word' id='word_1_128' title='bbox 1024 1667 1100 1731; x_wconf 87' lang='grc' dir='ltr'><strong><em>πλεῖ.</em></strong></span> <span class='ocrx_word' id='word_1_129' title='bbox 1140 1666 1192 1731; x_wconf 83' lang='lat' dir='ltr'><strong><em>Sic</em></strong></span> <span class='ocrx_word' id='word_1_130' title='bbox 1215 1667 1324 1730; x_wconf 81' lang='grc' dir='ltr'><strong><em>ἐσπλεῖ</em></strong></span> <span class='ocrx_word' id='word_1_131' title='bbox 1342 1666 1397 1729; x_wconf 88' lang='lat' dir='ltr'><strong><em>IV.</em></strong></span> <span class='ocrx_word' id='word_1_132' title='bbox 1415 1669 1465 1730; x_wconf 80' lang='lat'><strong>27.</strong></span> <span class='ocrx_word' id='word_1_133' title='bbox 1533 1673 1599 1731; x_wconf 87' lang='grc' dir='ltr'><strong><em>τῶν</em></strong></span> 
     </span>
     <span class='ocr_line' id='line_1_15' title="bbox 368 1754 1597 1840; baseline 0.002 -23"><span class='ocrx_word' id='word_1_134' title='bbox 368 1754 549 1838; x_wconf 73' lang='grc' dir='ltr'><strong><em>ΙἈθηναίων</em></strong></span> <span class='ocrx_word' id='word_1_135' title='bbox 571 1780 597 1818; x_wconf 93' lang='grc' dir='ltr'><strong><em>τι</em></strong></span> <span class='ocrx_word' id='word_1_136' title='bbox 620 1755 950 1840; x_wconf 88' lang='grc' dir='ltr'><strong><em>ύποθορυβησάντων]</em></strong></span> <span class='ocrx_word' id='word_1_137' title='bbox 974 1762 1038 1820; x_wconf 85' lang='grc' dir='ltr'><strong><em>τῶν</em></strong></span> <span class='ocrx_word' id='word_1_138' title='bbox 1057 1757 1237 1839; x_wconf 79' lang='grc' dir='ltr'><strong><em>Ἀθηναίων</em></strong></span> <span class='ocrx_word' id='word_1_139' title='bbox 1259 1757 1323 1820; x_wconf 82' lang='grc' dir='ltr'><strong><em>ἀπό</em></strong></span> <span class='ocrx_word' id='word_1_140' title='bbox 1342 1781 1369 1819; x_wconf 93' lang='grc' dir='ltr'><strong><em>τι</em></strong></span> <span class='ocrx_word' id='word_1_141' title='bbox 1392 1756 1597 1840; x_wconf 89' lang='grc' dir='ltr'><strong><em>θορυβησάν-</em></strong></span> 
     </span>
     <span class='ocr_line' id='line_1_16' title="bbox 368 1843 1599 1928; baseline 0.002 -22"><span class='ocrx_word' id='word_1_142' title='bbox 368 1866 434 1908; x_wconf 91' lang='grc' dir='ltr'><strong><em>των</em></strong></span> <span class='ocrx_word' id='word_1_143' title='bbox 458 1843 574 1928; x_wconf 65' lang='lat' dir='ltr'><strong>cobet,</strong></span> <span class='ocrx_word' id='word_1_144' title='bbox 603 1846 672 1909; x_wconf 90' lang='lat' dir='ltr'><strong>coll.</strong></span> <span class='ocrx_word' id='word_1_145' title='bbox 696 1845 855 1910; x_wconf 86' lang='lat' dir='ltr'><strong>Xenaroh.</strong></span> <span class='ocrx_word' id='word_1_146' title='bbox 881 1847 996 1910; x_wconf 85' lang='lat' dir='ltr'><strong>Athen.</strong></span> <span class='ocrx_word' id='word_1_147' title='bbox 1022 1847 1085 1909; x_wconf 85' lang='grc'><strong><em>693</em></strong></span> <span class='ocrx_word' id='word_1_148' title='bbox 1098 1845 1129 1908; x_wconf 78' lang='grc' dir='ltr'><strong>Ο.</strong></span> <span class='ocrx_word' id='word_1_149' title='bbox 1158 1847 1204 1916; x_wconf 82' lang='grc' dir='ltr'><strong><em>ὡς</em></strong></span> <span class='ocrx_word' id='word_1_150' title='bbox 1232 1845 1295 1908; x_wconf 86' lang='grc' dir='ltr'><strong><em>ύπό</em></strong></span> <span class='ocrx_word' id='word_1_151' title='bbox 1322 1869 1349 1908; x_wconf 90' lang='grc' dir='ltr'><strong><em>τι</em></strong></span> <span class='ocrx_word' id='word_1_152' title='bbox 1376 1847 1536 1920; x_wconf 83' lang='grc' dir='ltr'><strong><em>νυστάζειν</em></strong></span> <span class='ocrx_word' id='word_1_153' title='bbox 1564 1871 1599 1928; x_wconf 91' lang='grc' dir='ltr'><strong><em>γε</em></strong></span> 
     </span>
     <span class='ocr_line' id='line_1_17' title="bbox 369 1934 1597 2018; baseline 0.002 -22"><span class='ocrx_word' id='word_1_154' title='bbox 369 1934 490 2012; x_wconf 83' lang='grc' dir='ltr'><strong><em>καύτὸς</em></strong></span> <span class='ocrx_word' id='word_1_155' title='bbox 509 1936 656 2017; x_wconf 83' lang='grc' dir='ltr'><strong><em>ἄρχομαι.</em></strong></span> <span class='ocrx_word' id='word_1_156' title='bbox 727 1937 754 1997; x_wconf 90' lang='lat'><strong><em>3.</em></strong></span> <span class='ocrx_word' id='word_1_157' title='bbox 779 1936 839 1998; x_wconf 82' lang='grc' dir='ltr'><strong><em>οὐκ</em></strong></span> <span class='ocrx_word' id='word_1_158' title='bbox 868 1936 952 2017; x_wconf 79' lang='grc' dir='ltr'><strong><em>ἔχων</em></strong></span> <span class='ocrx_word' id='word_1_159' title='bbox 980 1935 1070 2004; x_wconf 89' lang='grc' dir='ltr'><strong><em>ὅπως</em></strong></span> <span class='ocrx_word' id='word_1_160' title='bbox 1097 1941 1161 1998; x_wconf 87' lang='grc' dir='ltr'><strong><em>τῶν</em></strong></span> <span class='ocrx_word' id='word_1_161' title='bbox 1189 1936 1365 2018; x_wconf 82' lang='grc' dir='ltr'><strong><em>εἰρημένων</em></strong></span> <span class='ocrx_word' id='word_1_162' title='bbox 1392 1936 1434 1998; x_wconf 82' lang='grc' dir='ltr'><strong><em>ἔτι</em></strong></span> <span class='ocrx_word' id='word_1_163' title='bbox 1462 1936 1597 2009; x_wconf 80' lang='grc' dir='ltr'><strong><em>ἐξαπαλ-</em></strong></span> 
     </span>
     <span class='ocr_line' id='line_1_18' title="bbox 369 2023 1599 2108; baseline 0.002 -23"><span class='ocrx_word' id='word_1_164' title='bbox 369 2023 450 2106; x_wconf 85' lang='grc' dir='ltr'><strong><em>λαγῇ</em></strong></span> <span class='ocrx_word' id='word_1_165' title='bbox 474 2025 526 2105; x_wconf 81' lang='grc' dir='ltr'><strong><em>(ἔτι</em></strong></span> <span class='ocrx_word' id='word_1_166' title='bbox 550 2024 715 2106; x_wconf 79' lang='grc' dir='ltr'><strong><em>ἀπαλλαγή</em></strong></span> <span class='ocrx_word' id='word_1_167' title='bbox 733 2024 838 2087; x_wconf 82' lang='lat' dir='ltr'><strong>Cobet.</strong></span> <span class='ocrx_word' id='word_1_168' title='bbox 855 2025 924 2105; x_wconf 85' lang='lat' dir='ltr'><strong>lege</strong></span> <span class='ocrx_word' id='word_1_169' title='bbox 941 2026 982 2087; x_wconf 78' lang='grc' dir='ltr'><strong><em>ἔτι</em></strong></span> <span class='ocrx_word' id='word_1_170' title='bbox 999 2024 1268 2106; x_wconf 83' lang='grc' dir='ltr'><strong><em>ἀπαλλαγήσεται).</em></strong></span> <span class='ocrx_word' id='word_1_171' title='bbox 1306 2023 1439 2088; x_wconf 85' lang='lat' dir='ltr'><strong>Ionibus</strong></span> <span class='ocrx_word' id='word_1_172' title='bbox 1456 2030 1487 2088; x_wconf 85' lang='lat' dir='ltr'><strong><em>et</em></strong></span> <span class='ocrx_word' id='word_1_173' title='bbox 1502 2025 1599 2108; x_wconf 85' lang='lat' dir='ltr'>tragi-</span> 
     </span>
     <span class='ocr_line' id='line_1_19' title="bbox 368 2111 1597 2200; baseline 0.002 -25"><span class='ocrx_word' id='word_1_174' title='bbox 368 2113 419 2175; x_wconf 86' lang='lat' dir='ltr'><strong><em>cis</em></strong></span> <span class='ocrx_word' id='word_1_175' title='bbox 435 2112 682 2195; x_wconf 85' lang='lat' dir='ltr'><strong>relinquendum</strong></span> <span class='ocrx_word' id='word_1_176' title='bbox 703 2112 955 2185; x_wconf 82' lang='grc' dir='ltr'><strong><em>ἕξοπολλάσσειν,</em></strong></span> <span class='ocrx_word' id='word_1_177' title='bbox 980 2118 1016 2176; x_wconf 87' lang='lat' dir='ltr'><strong><em>ut</em></strong></span> <span class='ocrx_word' id='word_1_178' title='bbox 1035 2115 1160 2176; x_wconf 82' lang='lat' dir='ltr'><strong>monuit</strong></span> <span class='ocrx_word' id='word_1_179' title='bbox 1176 2112 1281 2178; x_wconf 81' lang='lat' dir='ltr'><strong>Cobet.</strong></span> <span class='ocrx_word' id='word_1_180' title='bbox 1352 2115 1379 2175; x_wconf 88' lang='lat'><strong>3.</strong></span> <span class='ocrx_word' id='word_1_181' title='bbox 1395 2111 1597 2200; x_wconf 88' lang='grc' dir='ltr'><strong><em>πλεύσεσθαι]</em></strong></span> 
     </span>
     <span class='ocr_line' id='line_1_20' title="bbox 371 2200 1598 2286; baseline 0.003 -24"><span class='ocrx_word' id='word_1_182' title='bbox 371 2200 481 2263; x_wconf 80' lang='lat' dir='ltr'>Malim</span> <span class='ocrx_word' id='word_1_183' title='bbox 509 2201 723 2274; x_wconf 86' lang='grc' dir='ltr'><strong><em>πλευσεῖσθαι,</em></strong></span> <span class='ocrx_word' id='word_1_184' title='bbox 757 2206 793 2264; x_wconf 78' lang='lat' dir='ltr'><strong><em>ut</em></strong></span> <span class='ocrx_word' id='word_1_185' title='bbox 816 2200 893 2263; x_wconf 85' lang='lat' dir='ltr'>alibi</span> <span class='ocrx_word' id='word_1_186' title='bbox 917 2202 1001 2284; x_wconf 87' lang='lat' dir='ltr'>apud</span> <span class='ocrx_word' id='word_1_187' title='bbox 1024 2208 1175 2265; x_wconf 81' lang='lat' dir='ltr'><strong>nostrum.</strong></span> <span class='ocrx_word' id='word_1_188' title='bbox 1245 2204 1278 2265; x_wconf 85' lang='grc' dir='ltr'><strong><em>οἳ</em></strong></span> <span class='ocrx_word' id='word_1_189' title='bbox 1302 2201 1382 2284; x_wconf 79' lang='grc' dir='ltr'><strong><em>ἦσαν</em></strong></span> <span class='ocrx_word' id='word_1_190' title='bbox 1406 2204 1442 2265; x_wconf 83' lang='grc' dir='ltr'><strong><em>ἔκ</em></strong></span> <span class='ocrx_word' id='word_1_191' title='bbox 1465 2227 1496 2267; x_wconf 91' lang='grc' dir='ltr'><strong><em>τε</em></strong></span> <span class='ocrx_word' id='word_1_192' title='bbox 1519 2204 1598 2286; x_wconf 78' lang='grc' dir='ltr'><strong>(ἒξΡ)</strong></span> 
     </span>
     <span class='ocr_line' id='line_1_21' title="bbox 369 2288 1597 2375; baseline 0.001 -24"><span class='ocrx_word' id='word_1_193' title='bbox 369 2288 470 2352; x_wconf 87' lang='grc' dir='ltr'><strong><em>Αἴνου</em></strong></span> <span class='ocrx_word' id='word_1_194' title='bbox 493 2291 737 2373; x_wconf 79' lang='grc' dir='ltr'><strong><em>βεβοηθηκότες.</em></strong></span> <span class='ocrx_word' id='word_1_195' title='bbox 806 2291 835 2352; x_wconf 86' lang='grc'><strong>4.</strong></span> <span class='ocrx_word' id='word_1_196' title='bbox 860 2291 985 2354; x_wconf 78' lang='grc' dir='ltr'><strong><em>ἐνέπεσε</em></strong></span> <span class='ocrx_word' id='word_1_197' title='bbox 1007 2292 1067 2373; x_wconf 90' lang='grc' dir='ltr'><strong><em>μέν</em></strong></span> <span class='ocrx_word' id='word_1_198' title='bbox 1090 2315 1117 2354; x_wconf 91' lang='grc' dir='ltr'><strong><em>τι</em></strong></span> <span class='ocrx_word' id='word_1_199' title='bbox 1140 2292 1275 2372; x_wconf 90' lang='grc' dir='ltr'><strong><em>γέλωτος</em></strong></span> <span class='ocrx_word' id='word_1_200' title='bbox 1295 2298 1332 2374; x_wconf 80' lang='grc' dir='ltr'><strong><em>τῇ</em></strong></span> <span class='ocrx_word' id='word_1_201' title='bbox 1349 2291 1410 2374; x_wconf 81' lang='grc' dir='ltr'><strong><em>(ἐπὶ</em></strong></span> <span class='ocrx_word' id='word_1_202' title='bbox 1425 2299 1462 2375; x_wconf 84' lang='grc' dir='ltr'><strong><em>τῇ</em></strong></span> <span class='ocrx_word' id='word_1_203' title='bbox 1478 2292 1597 2371; x_wconf 82' lang='lat' dir='ltr'><strong>Herw.)</strong></span> 
     </span>
     <span class='ocr_line' id='line_1_22' title="bbox 369 2379 1596 2464; baseline 0.004 -24"><span class='ocrx_word' id='word_1_204' title='bbox 369 2379 567 2460; x_wconf 76' lang='grc' dir='ltr'><strong><em>κουφολογίᾳ</em></strong></span> <span class='ocrx_word' id='word_1_205' title='bbox 588 2380 692 2442; x_wconf 82' lang='grc' dir='ltr'><strong><em>αὐτοῦ.</em></strong></span> <span class='ocrx_word' id='word_1_206' title='bbox 761 2380 1031 2461; x_wconf 84' lang='grc' dir='ltr'><strong><em>λογιζομένοις-</em></strong></span> <span class='ocrx_word' id='word_1_207' title='bbox 1050 2383 1069 2462; x_wconf 85' lang='grc' dir='ltr'><strong><em>ή</em></strong></span> <span class='ocrx_word' id='word_1_208' title='bbox 1086 2380 1236 2450; x_wconf 89' lang='grc' dir='ltr'><strong><em>Κλέωνος</em></strong></span> <span class='ocrx_word' id='word_1_209' title='bbox 1260 2381 1596 2464; x_wconf 90' lang='grc' dir='ltr'><strong><em>ἀπαλλαγήσεσθαι-</em></strong></span> 
     </span>
     <span class='ocr_line' id='line_1_23' title="bbox 367 2467 1596 2554; baseline 0.002 -24"><span class='ocrx_word' id='word_1_210' title='bbox 367 2469 448 2548; x_wconf 85' lang='grc' dir='ltr'><strong><em>ή-</em></strong></span> <span class='ocrx_word' id='word_1_211' title='bbox 465 2467 741 2550; x_wconf 79' lang='grc' dir='ltr'><strong><em>Λακεδαιμονίους</em></strong></span> <span class='ocrx_word' id='word_1_212' title='bbox 765 2469 852 2550; x_wconf 83' lang='grc' dir='ltr'><strong><em>σφίσι</em></strong></span> <span class='ocrx_word' id='word_1_213' title='bbox 874 2470 1091 2551; x_wconf 88' lang='grc' dir='ltr'><strong><em>χειρώσασθαι</em></strong></span> <span class='ocrx_word' id='word_1_214' title='bbox 1115 2471 1389 2552; x_wconf 77' lang='grc' dir='ltr'><strong><em>(κεχειρώσεσθαι,</em></strong></span> <span class='ocrx_word' id='word_1_215' title='bbox 1414 2471 1434 2533; x_wconf 86' lang='lat' dir='ltr'><strong>i.</strong></span> <span class='ocrx_word' id='word_1_216' title='bbox 1452 2489 1477 2532; x_wconf 91' lang='lat' dir='ltr'><strong>e.</strong></span> <span class='ocrx_word' id='word_1_217' title='bbox 1496 2495 1596 2554; x_wconf 88' lang='grc' dir='ltr'><strong><em>κεχει-</em></strong></span> 
     </span>
     <span class='ocr_line' id='line_1_24' title="bbox 369 2556 1598 2642; baseline 0.003 -23"><span class='ocrx_word' id='word_1_218' title='bbox 369 2558 536 2638; x_wconf 84' lang='grc' dir='ltr'><strong><em>ρωμένους</em></strong></span> <span class='ocrx_word' id='word_1_219' title='bbox 573 2559 712 2631; x_wconf 79' lang='grc' dir='ltr'><strong><em>ἔσεσθαι,</em></strong></span> <span class='ocrx_word' id='word_1_220' title='bbox 752 2556 879 2637; x_wconf 64' lang='lat' dir='ltr'><strong>Cobet).</strong></span> <span class='ocrx_word' id='word_1_221' title='bbox 947 2560 1179 2642; x_wconf 89' lang='grc' dir='ltr'><strong><em>χειρώσασθαι]</em></strong></span> <span class='ocrx_word' id='word_1_222' title='bbox 1207 2560 1417 2642; x_wconf 84' lang='grc' dir='ltr'><strong><em>χειρώσεσθαι</em></strong></span> <span class='ocrx_word' id='word_1_223' title='bbox 1440 2559 1476 2623; x_wconf 86' lang='grc' dir='ltr'><strong>Ε.</strong></span> <span class='ocrx_word' id='word_1_224' title='bbox 1502 2560 1537 2622; x_wconf 84' lang='lat' dir='ltr'><strong>G.</strong></span> <span class='ocrx_word' id='word_1_225' title='bbox 1566 2565 1598 2624; x_wconf 77' lang='lat' dir='ltr'><strong><em>et</em></strong></span> 
     </span>
     <span class='ocr_line' id='line_1_25' title="bbox 369 2646 1323 2711; baseline 0.004 -4"><span class='ocrx_word' id='word_1_226' title='bbox 369 2646 415 2708; x_wconf 87' lang='lat' dir='ltr'><strong><em>sic</em></strong></span> <span class='ocrx_word' id='word_1_227' title='bbox 439 2646 589 2710; x_wconf 81' lang='lat' dir='ltr'><strong>Badham.</strong></span> <span class='ocrx_word' id='word_1_228' title='bbox 628 2647 733 2711; x_wconf 80' lang='lat' dir='ltr'><strong>Recte.</strong></span> <span class='ocrx_word' id='word_1_229' title='bbox 773 2647 817 2710; x_wconf 80' lang='lat' dir='ltr'><strong>Of.</strong></span> <span class='ocrx_word' id='word_1_230' title='bbox 842 2647 881 2711; x_wconf 83' lang='lat' dir='ltr'><strong><em>ad</em></strong></span> <span class='ocrx_word' id='word_1_231' title='bbox 904 2647 959 2711; x_wconf 90' lang='lat' dir='ltr'><strong><em>IV.</em></strong></span> <span class='ocrx_word' id='word_1_232' title='bbox 985 2649 1012 2710; x_wconf 83' lang='lat'><strong>9.</strong></span> <span class='ocrx_word' id='word_1_233' title='bbox 1321 2687 1323 2692; x_wconf 68' lang='lat'>,</span> 
     </span>
    </p>
   </div>
   <div class='ocr_carea' id='block_1_6' title="bbox 370 2753 1597 3394">
    <p class='ocr_par' dir='ltr' id='par_1_6' title="bbox 458 2753 1596 2838">
     <span class='ocr_line' id='line_1_26' title="bbox 458 2753 1596 2838; baseline 0.002 -22"><span class='ocrx_word' id='word_1_234' title='bbox 458 2753 512 2816; x_wconf 88' lang='lat' dir='ltr'><strong><em>IV.</em></strong></span> <span class='ocrx_word' id='word_1_235' title='bbox 530 2756 580 2817; x_wconf 85' lang='lat'><strong>29.</strong></span> <span class='ocrx_word' id='word_1_236' title='bbox 601 2757 627 2816; x_wconf 91' lang='lat'><strong>1.</strong></span> <span class='ocrx_word' id='word_1_237' title='bbox 651 2755 707 2837; x_wconf 86' lang='grc' dir='ltr'><strong><em>τήν</em></strong></span> <span class='ocrx_word' id='word_1_238' title='bbox 730 2755 860 2837; x_wconf 88' lang='grc' dir='ltr'><strong><em>ἀγωγήν</em></strong></span> <span class='ocrx_word' id='word_1_239' title='bbox 884 2756 1066 2838; x_wconf 80' lang='grc' dir='ltr'><strong><em>(ἀναγωγήν</em></strong></span> <span class='ocrx_word' id='word_1_240' title='bbox 1090 2755 1208 2837; x_wconf 74' lang='lat' dir='ltr'><strong>Cobet.)</strong></span> <span class='ocrx_word' id='word_1_241' title='bbox 1238 2756 1288 2820; x_wconf 88' lang='grc' dir='ltr'><strong><em>ἀιά</em></strong></span> <span class='ocrx_word' id='word_1_242' title='bbox 1316 2757 1433 2838; x_wconf 86' lang='grc' dir='ltr'><strong><em>τάχους</em></strong></span> <span class='ocrx_word' id='word_1_243' title='bbox 1455 2756 1596 2820; x_wconf 87' lang='grc' dir='ltr'><strong><em>ε’ποιεῖτο.</em></strong></span> 
     </span>
    </p>

    <p class='ocr_par' dir='ltr' id='par_1_7' title="bbox 414 2843 1597 2926">
     <span class='ocr_line' id='line_1_27' title="bbox 414 2843 1597 2926; baseline 0.003 -20"><span class='ocrx_word' id='word_1_244' title='bbox 414 2844 469 2926; x_wconf 86' lang='grc' dir='ltr'><strong><em>τήν</em></strong></span> <span class='ocrx_word' id='word_1_245' title='bbox 494 2845 637 2926; x_wconf 86' lang='grc' dir='ltr'><strong><em>ἀιάβασιν</em></strong></span> <span class='ocrx_word' id='word_1_246' title='bbox 660 2843 755 2907; x_wconf 86' lang='grc' dir='ltr'><strong><em>αὐτὸν</em></strong></span> <span class='ocrx_word' id='word_1_247' title='bbox 772 2845 803 2914; x_wconf 84' lang='grc' dir='ltr'><strong><em>ἒς</em></strong></span> <span class='ocrx_word' id='word_1_248' title='bbox 818 2845 874 2926; x_wconf 85' lang='grc' dir='ltr'><strong><em>τὴν</em></strong></span> <span class='ocrx_word' id='word_1_249' title='bbox 890 2851 987 2926; x_wconf 88' lang='grc' dir='ltr'><strong><em>νήσον</em></strong></span> <span class='ocrx_word' id='word_1_250' title='bbox 1009 2844 1202 2908; x_wconf 80' lang='grc' dir='ltr'><strong><em>διανοεῖσθαι</em></strong></span> <span class='ocrx_word' id='word_1_251' title='bbox 1218 2845 1423 2926; x_wconf 81' lang='grc' dir='ltr'><strong><em>(διανοεῖσθαι</em></strong></span> <span class='ocrx_word' id='word_1_252' title='bbox 1438 2846 1597 2909; x_wconf 89' lang='grc' dir='ltr'><strong><em>ποιεῖσθαι</em></strong></span> 
     </span>
    </p>

    <p class='ocr_par' dir='ltr' id='par_1_8' title="bbox 370 2931 1597 3019">
     <span class='ocr_line' id='line_1_28' title="bbox 370 2931 1597 3019; baseline 0.002 -24"><span class='ocrx_word' id='word_1_253' title='bbox 370 2933 496 3014; x_wconf 59' lang='lat' dir='ltr'><strong>Cobet).</strong></span> <span class='ocrx_word' id='word_1_254' title='bbox 565 2931 824 3015; x_wconf 84' lang='grc' dir='ltr'><strong><em>πυνθανόμενος]</em></strong></span> <span class='ocrx_word' id='word_1_255' title='bbox 855 2931 912 3007; x_wconf 77' lang='lat' dir='ltr'><strong>Qu.</strong></span> <span class='ocrx_word' id='word_1_256' title='bbox 941 2934 1133 3017; x_wconf 90' lang='grc' dir='ltr'><strong><em>πυθόμενος.</em></strong></span> <span class='ocrx_word' id='word_1_257' title='bbox 1209 2934 1264 3016; x_wconf 87' lang='grc' dir='ltr'><strong><em>τήν</em></strong></span> <span class='ocrx_word' id='word_1_258' title='bbox 1288 2934 1457 3019; x_wconf 91' lang='grc' dir='ltr'><strong><em>ἀπόβασιν]</em></strong></span> <span class='ocrx_word' id='word_1_259' title='bbox 1481 2935 1597 2999; x_wconf 89' lang='lat' dir='ltr'><strong>Delen-</strong></span> 
     </span>
    </p>

    <p class='ocr_par' dir='ltr' id='par_1_9' title="bbox 370 3022 1597 3107">
     <span class='ocr_line' id='line_1_29' title="bbox 370 3022 1597 3107; baseline 0.004 -24"><span class='ocrx_word' id='word_1_260' title='bbox 370 3023 445 3084; x_wconf 89' lang='lat' dir='ltr'><strong><em>dum</em></strong></span> <span class='ocrx_word' id='word_1_261' title='bbox 470 3022 595 3084; x_wconf 83' lang='lat' dir='ltr'><strong>videtur</strong></span> <span class='ocrx_word' id='word_1_262' title='bbox 622 3023 685 3104; x_wconf 92' lang='grc' dir='ltr'><strong><em>τήν.</em></strong></span> <span class='ocrx_word' id='word_1_263' title='bbox 777 3024 806 3083; x_wconf 87' lang='lat'><strong><em>4.</em></strong></span> <span class='ocrx_word' id='word_1_264' title='bbox 835 3028 898 3098; x_wconf 88' lang='grc' dir='ltr'><strong><em>τών</em></strong></span> <span class='ocrx_word' id='word_1_265' title='bbox 926 3023 1070 3085; x_wconf 84' lang='grc' dir='ltr'><strong><em>πλεόνων</em></strong></span> <span class='ocrx_word' id='word_1_266' title='bbox 1098 3023 1249 3107; x_wconf 91' lang='grc' dir='ltr'><strong><em>ἀπείρων]</em></strong></span> <span class='ocrx_word' id='word_1_267' title='bbox 1279 3022 1337 3099; x_wconf 81' lang='lat' dir='ltr'><strong>Qu.</strong></span> <span class='ocrx_word' id='word_1_268' title='bbox 1364 3030 1429 3088; x_wconf 85' lang='grc' dir='ltr'><strong><em>τῶν</em></strong></span> <span class='ocrx_word' id='word_1_269' title='bbox 1452 3025 1597 3088; x_wconf 89' lang='grc' dir='ltr'><strong><em>πλεόνων</em></strong></span> 
     </span>
    </p>

    <p class='ocr_par' dir='ltr' id='par_1_10' title="bbox 370 3109 1596 3281">
     <span class='ocr_line' id='line_1_30' title="bbox 370 3109 1596 3197; baseline 0.002 -25"><span class='ocrx_word' id='word_1_270' title='bbox 370 3111 510 3192; x_wconf 90' lang='grc' dir='ltr'><strong><em>ἀπείρων</em></strong></span> <span class='ocrx_word' id='word_1_271' title='bbox 534 3112 584 3192; x_wconf 87' lang='grc' dir='ltr'><strong><em>(ἀν</em></strong></span> <span class='ocrx_word' id='word_1_272' title='bbox 607 3109 702 3191; x_wconf 83' lang='grc' dir='ltr'><strong><em>εἶναι).</em></strong></span> <span class='ocrx_word' id='word_1_273' title='bbox 772 3112 831 3174; x_wconf 87' lang='grc' dir='ltr'><strong><em>σάκ</em></strong></span> <span class='ocrx_word' id='word_1_274' title='bbox 852 3113 949 3194; x_wconf 81' lang='grc' dir='ltr'><strong><em>οὔσης</em></strong></span> <span class='ocrx_word' id='word_1_275' title='bbox 964 3118 1019 3194; x_wconf 88' lang='grc' dir='ltr'><strong><em>τής</em></strong></span> <span class='ocrx_word' id='word_1_276' title='bbox 1034 3112 1210 3194; x_wconf 82' lang='grc' dir='ltr'><strong><em>προόψεως</em></strong></span> <span class='ocrx_word' id='word_1_277' title='bbox 1225 3113 1327 3195; x_wconf 85' lang='grc' dir='ltr'><strong><em>(προσ.</em></strong></span> <span class='ocrx_word' id='word_1_278' title='bbox 1345 3113 1446 3194; x_wconf 83' lang='lat' dir='ltr'><strong>codd.)</strong></span> <span class='ocrx_word' id='word_1_279' title='bbox 1470 3112 1492 3197; x_wconf 86' lang='grc' dir='ltr'><strong><em>ή</em></strong></span> <span class='ocrx_word' id='word_1_280' title='bbox 1515 3120 1596 3197; x_wconf 86' lang='grc' dir='ltr'><strong><em>χρῆν</em></strong></span> 
     </span>
     <span class='ocr_line' id='line_1_31' title="bbox 370 3199 860 3281; baseline 0 -21"><span class='ocrx_word' id='word_1_281' title='bbox 370 3199 478 3281; x_wconf 71' lang='grc' dir='ltr'><strong><em>(χρήῗ)</em></strong></span> <span class='ocrx_word' id='word_1_282' title='bbox 503 3199 645 3280; x_wconf 89' lang='grc' dir='ltr'><strong><em>ἀλλήλοις</em></strong></span> <span class='ocrx_word' id='word_1_283' title='bbox 669 3200 860 3281; x_wconf 81' lang='grc' dir='ltr'><strong><em>ἐπιβοηθεῖν.</em></strong></span> 
     </span>
    </p>

    <p class='ocr_par' dir='ltr' id='par_1_11' title="bbox 458 3305 1596 3394">
     <span class='ocr_line' id='line_1_32' title="bbox 458 3305 1596 3394; baseline 0.005 -26"><span class='ocrx_word' id='word_1_284' title='bbox 458 3305 512 3368; x_wconf 89' lang='lat' dir='ltr'><strong><em>IV.</em></strong></span> <span class='ocrx_word' id='word_1_285' title='bbox 531 3305 581 3367; x_wconf 89' lang='lat'><strong>30.</strong></span> <span class='ocrx_word' id='word_1_286' title='bbox 600 3309 627 3367; x_wconf 92' lang='lat'><strong>2.</strong></span> <span class='ocrx_word' id='word_1_287' title='bbox 650 3307 802 3370; x_wconf 81' lang='grc' dir='ltr'><strong><em>ὑπονοῶν</em></strong></span> <span class='ocrx_word' id='word_1_288' title='bbox 824 3308 980 3389; x_wconf 90' lang='grc' dir='ltr'><strong><em>πρότερον</em></strong></span> <span class='ocrx_word' id='word_1_289' title='bbox 996 3307 1140 3372; x_wconf 86' lang='grc' dir='ltr'><strong><em>ἒλάσσοσι</em></strong></span> <span class='ocrx_word' id='word_1_290' title='bbox 1154 3309 1208 3373; x_wconf 88' lang='grc' dir='ltr'><strong><em>τὸν</em></strong></span> <span class='ocrx_word' id='word_1_291' title='bbox 1224 3315 1307 3374; x_wconf 90' lang='grc' dir='ltr'><strong><em>σῖτον</em></strong></span> <span class='ocrx_word' id='word_1_292' title='bbox 1322 3311 1420 3375; x_wconf 81' lang='grc' dir='ltr'><strong><em>αὐτοῦ</em></strong></span> <span class='ocrx_word' id='word_1_293' title='bbox 1436 3310 1596 3394; x_wconf 68' lang='grc' dir='ltr'><strong><em>(αὐτοὺςῗ)</em></strong></span> 
     </span>
    </p>
   </div>
   <div class='ocr_carea' id='block_1_7' title="bbox 261 3395 1595 3485">
    <p class='ocr_par' dir='ltr' id='par_1_12' title="bbox 261 3395 1595 3485">
     <span class='ocr_line' id='line_1_33' title="bbox 261 3395 1595 3485; baseline 0.004 -28"><span class='ocrx_word' id='word_1_294' title='bbox 261 3469 263 3472; x_wconf 27' lang='grc'><strong>,</strong></span> <span class='ocrx_word' id='word_1_295' title='bbox 370 3396 546 3477; x_wconf 86' lang='grc' dir='ltr'><strong><em>ε’σπέμπειν.</em></strong></span> <span class='ocrx_word' id='word_1_296' title='bbox 616 3397 643 3458; x_wconf 89' lang='grc'><strong>3.</strong></span> <span class='ocrx_word' id='word_1_297' title='bbox 668 3395 714 3465; x_wconf 83' lang='grc' dir='ltr'><strong><em>ὡς</em></strong></span> <span class='ocrx_word' id='word_1_298' title='bbox 737 3398 826 3479; x_wconf 85' lang='grc' dir='ltr'><strong><em>ἥξων</em></strong></span> <span class='ocrx_word' id='word_1_299' title='bbox 849 3398 902 3460; x_wconf 84' lang='grc' dir='ltr'><strong><em>καὶ</em></strong></span> <span class='ocrx_word' id='word_1_300' title='bbox 925 3399 1009 3479; x_wconf 85' lang='grc' dir='ltr'><strong><em>ἔχων</em></strong></span> <span class='ocrx_word' id='word_1_301' title='bbox 1032 3398 1176 3479; x_wconf 86' lang='grc' dir='ltr'><strong><em>στρατιὰν</em></strong></span> <span class='ocrx_word' id='word_1_302' title='bbox 1194 3397 1250 3485; x_wconf 90' lang='grc'><strong><em>-]</em></strong></span> <span class='ocrx_word' id='word_1_303' title='bbox 1273 3400 1327 3463; x_wconf 86' lang='grc' dir='ltr'><strong><em>καὶ</em></strong></span> <span class='ocrx_word' id='word_1_304' title='bbox 1343 3420 1403 3463; x_wconf 89' lang='lat' dir='ltr'><strong>om.</strong></span> <span class='ocrx_word' id='word_1_305' title='bbox 1420 3401 1487 3465; x_wconf 86' lang='lat' dir='ltr'><strong>cod.</strong></span> <span class='ocrx_word' id='word_1_306' title='bbox 1504 3402 1595 3465; x_wconf 63' lang='grc' dir='ltr'><strong><em>λοσε.</em></strong></span> 
     </span>
    </p>
   </div>
   <div class='ocr_carea' id='block_1_8' title="bbox 369 3483 1593 3769">
    <p class='ocr_par' dir='ltr' id='par_1_13' title="bbox 369 3483 1593 3769">
     <span class='ocr_line' id='line_1_34' title="bbox 371 3483 1593 3574; baseline 0.006 -27"><span class='ocrx_word' id='word_1_307' title='bbox 371 3485 468 3547; x_wconf 85' lang='lat' dir='ltr'><strong>deleri</strong></span> <span class='ocrx_word' id='word_1_308' title='bbox 488 3484 580 3567; x_wconf 80' lang='lat' dir='ltr'><strong>jubet</strong></span> <span class='ocrx_word' id='word_1_309' title='bbox 603 3483 708 3548; x_wconf 79' lang='lat' dir='ltr'><strong>Cobet.</strong></span> <span class='ocrx_word' id='word_1_310' title='bbox 747 3485 851 3550; x_wconf 77' lang='lat' dir='ltr'><strong>Recte.</strong></span> <span class='ocrx_word' id='word_1_311' title='bbox 925 3487 975 3569; x_wconf 78' lang='grc' dir='ltr'><strong><em>ἀφ’</em></strong></span> <span class='ocrx_word' id='word_1_312' title='bbox 999 3485 1029 3569; x_wconf 76' lang='grc' dir='ltr'><em>ᾧ</em></span> <span class='ocrx_word' id='word_1_313' title='bbox 1052 3489 1180 3572; x_wconf 83' lang='grc' dir='ltr'><strong><em>φυλακή</em></strong></span> <span class='ocrx_word' id='word_1_314' title='bbox 1202 3496 1240 3572; x_wconf 83' lang='grc' dir='ltr'><strong><em>τῇ</em></strong></span> <span class='ocrx_word' id='word_1_315' title='bbox 1262 3491 1373 3572; x_wconf 85' lang='grc' dir='ltr'><strong><em>μετρίᾳ</em></strong></span> <span class='ocrx_word' id='word_1_316' title='bbox 1395 3490 1593 3574; x_wconf 90' lang='grc' dir='ltr'><strong><em>τηρήσονται]</em></strong></span> 
     </span>
     <span class='ocr_line' id='line_1_35' title="bbox 369 3572 1447 3661; baseline 0.006 -25"><span class='ocrx_word' id='word_1_317' title='bbox 369 3572 426 3649; x_wconf 82' lang='lat' dir='ltr'><strong>Qu.</strong></span> <span class='ocrx_word' id='word_1_318' title='bbox 452 3611 493 3619; x_wconf 92' lang='lat'>—</span> <span class='ocrx_word' id='word_1_319' title='bbox 517 3574 646 3658; x_wconf 83' lang='grc' dir='ltr'><strong><em>φυλακή</em></strong></span> <span class='ocrx_word' id='word_1_320' title='bbox 668 3576 778 3656; x_wconf 88' lang='grc' dir='ltr'><strong><em>μετρίᾳ</em></strong></span> <span class='ocrx_word' id='word_1_321' title='bbox 802 3577 868 3658; x_wconf 85' lang='lat' dir='ltr'><strong>(aut</strong></span> <span class='ocrx_word' id='word_1_322' title='bbox 890 3577 1019 3660; x_wconf 83' lang='grc' dir='ltr'><strong><em>φυλακῇ</em></strong></span> <span class='ocrx_word' id='word_1_323' title='bbox 1041 3601 1087 3658; x_wconf 86' lang='grc' dir='ltr'><strong><em>τῳ</em></strong></span> <span class='ocrx_word' id='word_1_324' title='bbox 1109 3580 1230 3660; x_wconf 79' lang='grc' dir='ltr'><strong><em>μετρίᾳ)</em></strong></span> <span class='ocrx_word' id='word_1_325' title='bbox 1253 3580 1447 3661; x_wconf 88' lang='grc' dir='ltr'><strong><em>τηρήσονται.</em></strong></span> 
     </span>
     <span class='ocr_line' id='line_1_36' title="bbox 457 3680 1593 3769; baseline 0.006 -26"><span class='ocrx_word' id='word_1_326' title='bbox 457 3680 513 3743; x_wconf 88' lang='lat' dir='ltr'><strong><em>IV.</em></strong></span> <span class='ocrx_word' id='word_1_327' title='bbox 539 3683 588 3744; x_wconf 87' lang='lat'><strong>31.</strong></span> <span class='ocrx_word' id='word_1_328' title='bbox 615 3684 642 3742; x_wconf 94' lang='lat' dir='ltr'><strong>l.</strong></span> <span class='ocrx_word' id='word_1_329' title='bbox 671 3680 719 3743; x_wconf 79' lang='grc' dir='ltr'><strong><em>ἐπ’</em></strong></span> <span class='ocrx_word' id='word_1_330' title='bbox 748 3682 853 3764; x_wconf 88' lang='grc' dir='ltr'><strong><em>ὀλίγας</em></strong></span> <span class='ocrx_word' id='word_1_331' title='bbox 881 3689 958 3753; x_wconf 83' lang='grc' dir='ltr'><strong><em>ναῦς</em></strong></span> <span class='ocrx_word' id='word_1_332' title='bbox 983 3721 1021 3729; x_wconf 92' lang='lat'><em>-</em></span> <span class='ocrx_word' id='word_1_333' title='bbox 1049 3684 1298 3769; x_wconf 78' lang='grc' dir='ltr'><strong><em>ἐπιβιβάσαντες]</em></strong></span> <span class='ocrx_word' id='word_1_334' title='bbox 1328 3686 1447 3749; x_wconf 85' lang='lat' dir='ltr'><strong>Annon</strong></span> <span class='ocrx_word' id='word_1_335' title='bbox 1471 3724 1511 3732; x_wconf 96' lang='lat'><em>-</em></span> <span class='ocrx_word' id='word_1_336' title='bbox 1537 3690 1593 3768; x_wconf 76' lang='grc' dir='ltr'><strong><em>έμ-</em></strong></span> 
     </span>
    </p>
   </div>
   <div class='ocr_carea' id='block_1_9' title="bbox 367 3755 1760 4279">
    <p class='ocr_par' dir='ltr' id='par_1_14' title="bbox 367 3755 1760 4279">
     <span class='ocr_line' id='line_1_37' title="bbox 367 3755 1760 3857; baseline 0.007 -26"><span class='ocrx_word' id='word_1_337' title='bbox 367 3770 574 3851; x_wconf 66' lang='grc' dir='ltr'><strong><em>βιβάσαντεςθ</em></strong></span> <span class='ocrx_word' id='word_1_338' title='bbox 642 3770 754 3853; x_wconf 89' lang='grc' dir='ltr'><strong><em>λίθων]</em></strong></span> <span class='ocrx_word' id='word_1_339' title='bbox 789 3769 847 3845; x_wconf 79' lang='lat' dir='ltr'><strong>Qu.</strong></span> <span class='ocrx_word' id='word_1_340' title='bbox 880 3773 916 3835; x_wconf 82' lang='grc' dir='ltr'><strong><em>ἐκ</em></strong></span> <span class='ocrx_word' id='word_1_341' title='bbox 948 3773 1057 3836; x_wconf 90' lang='grc' dir='ltr'><strong><em>λίθων.</em></strong></span> <span class='ocrx_word' id='word_1_342' title='bbox 1132 3776 1160 3835; x_wconf 87' lang='grc'><strong>2.</strong></span> <span class='ocrx_word' id='word_1_343' title='bbox 1191 3775 1290 3855; x_wconf 90' lang='grc' dir='ltr'><strong><em>μέσον</em></strong></span> <span class='ocrx_word' id='word_1_344' title='bbox 1322 3774 1372 3856; x_wconf 85' lang='grc' dir='ltr'><strong><em>(τὸ</em></strong></span> <span class='ocrx_word' id='word_1_345' title='bbox 1395 3777 1530 3857; x_wconf 70' lang='grc' dir='ltr'><strong><em>μέσονθ)</em></strong></span> <span class='ocrx_word' id='word_1_346' title='bbox 1559 3775 1595 3840; x_wconf 85' lang='grc' dir='ltr'><strong><em>ἀὲ</em></strong></span> <span class='ocrx_word' id='word_1_347' title='bbox 1638 3819 1641 3828; x_wconf 88' lang='lat'><em>·</em></span> <span class='ocrx_word' id='word_1_348' title='bbox 1759 3755 1760 3778; x_wconf 28' lang='grc' dir='ltr'><strong><em>ί</em></strong></span> 
     </span>
     <span class='ocr_line' id='line_1_38' title="bbox 367 3858 1595 3947; baseline 0.007 -27"><span class='ocrx_word' id='word_1_349' title='bbox 367 3859 421 3920; x_wconf 79' lang='grc' dir='ltr'><strong><em>καὶ</em></strong></span> <span class='ocrx_word' id='word_1_350' title='bbox 448 3858 653 3940; x_wconf 90' lang='grc' dir='ltr'><strong><em>όμαλώτατόν</em></strong></span> <span class='ocrx_word' id='word_1_351' title='bbox 680 3883 711 3922; x_wconf 89' lang='grc' dir='ltr'><strong><em>τε</em></strong></span> <span class='ocrx_word' id='word_1_352' title='bbox 739 3860 847 3942; x_wconf 83' lang='lat' dir='ltr'><strong>(del.?)</strong></span> <span class='ocrx_word' id='word_1_353' title='bbox 875 3861 929 3923; x_wconf 82' lang='grc' dir='ltr'><strong><em>καὶ</em></strong></span> <span class='ocrx_word' id='word_1_354' title='bbox 956 3861 1024 3944; x_wconf 85' lang='grc' dir='ltr'><strong><em>(καὶ</em></strong></span> <span class='ocrx_word' id='word_1_355' title='bbox 1046 3861 1117 3941; x_wconf 66' lang='lat' dir='ltr'><strong><em>voc)</em></strong></span> <span class='ocrx_word' id='word_1_356' title='bbox 1145 3864 1217 3945; x_wconf 82' lang='grc' dir='ltr'><strong><em>περὶ</em></strong></span> <span class='ocrx_word' id='word_1_357' title='bbox 1243 3863 1278 3926; x_wconf 88' lang='grc' dir='ltr'><strong><em>τὸ</em></strong></span> <span class='ocrx_word' id='word_1_358' title='bbox 1306 3863 1397 3947; x_wconf 81' lang='grc' dir='ltr'><strong><em>ὕδωρ</em></strong></span> <span class='ocrx_word' id='word_1_359' title='bbox 1421 3870 1477 3929; x_wconf 84' lang='lat' dir='ltr'><strong>ete.</strong></span> <span class='ocrx_word' id='word_1_360' title='bbox 1517 3866 1595 3929; x_wconf 86' lang='lat' dir='ltr'><strong><em>Mox</em></strong></span> 
     </span>
     <span class='ocr_line' id='line_1_39' title="bbox 368 3946 1593 4036; baseline 0.007 -26"><span class='ocrx_word' id='word_1_361' title='bbox 368 3967 424 4030; x_wconf 87' lang='lat' dir='ltr'><strong><em>pro</em></strong></span> <span class='ocrx_word' id='word_1_362' title='bbox 449 3946 529 4030; x_wconf 83' lang='grc' dir='ltr'><strong><em>εἶχεν</em></strong></span> <span class='ocrx_word' id='word_1_363' title='bbox 554 3967 606 4031; x_wconf 81' lang='lat' dir='ltr'><strong>qn.</strong></span> <span class='ocrx_word' id='word_1_364' title='bbox 631 3946 724 4030; x_wconf 77' lang='grc' dir='ltr'><strong><em>εἶχον,</em></strong></span> <span class='ocrx_word' id='word_1_365' title='bbox 749 3956 781 4012; x_wconf 85' lang='lat' dir='ltr'><strong><em>et</em></strong></span> <span class='ocrx_word' id='word_1_366' title='bbox 802 3970 858 4032; x_wconf 89' lang='lat' dir='ltr'><strong><em>pro</em></strong></span> <span class='ocrx_word' id='word_1_367' title='bbox 883 3949 960 4013; x_wconf 86' lang='grc' dir='ltr'><strong><em>αάτά</em></strong></span> <span class='ocrx_word' id='word_1_368' title='bbox 985 3970 1035 4034; x_wconf 87' lang='lat' dir='ltr'><strong>qu.</strong></span> <span class='ocrx_word' id='word_1_369' title='bbox 1052 3951 1166 4014; x_wconf 81' lang='grc' dir='ltr'><strong><em>αὐτῶν.</em></strong></span> <span class='ocrx_word' id='word_1_370' title='bbox 1234 3954 1333 4036; x_wconf 87' lang='grc' dir='ltr'><strong><em>μέρος</em></strong></span> <span class='ocrx_word' id='word_1_371' title='bbox 1356 3953 1392 4017; x_wconf 87' lang='grc' dir='ltr'><strong><em>ἀέ</em></strong></span> <span class='ocrx_word' id='word_1_372' title='bbox 1414 3979 1440 4016; x_wconf 92' lang='grc' dir='ltr'><strong><em>τι</em></strong></span> <span class='ocrx_word' id='word_1_373' title='bbox 1456 3954 1494 4017; x_wconf 86' lang='grc' dir='ltr'><strong><em>οὐ</em></strong></span> <span class='ocrx_word' id='word_1_374' title='bbox 1511 3953 1593 4018; x_wconf 85' lang='grc' dir='ltr'><strong><em>πολὺ</em></strong></span> 
     </span>
     <span class='ocr_line' id='line_1_40' title="bbox 368 4037 1593 4126; baseline 0.006 -27"><span class='ocrx_word' id='word_1_375' title='bbox 368 4038 465 4100; x_wconf 80' lang='grc' dir='ltr'><strong><em>αὐτοῦ</em></strong></span> <span class='ocrx_word' id='word_1_376' title='bbox 493 4037 592 4120; x_wconf 77' lang='grc' dir='ltr'><strong><em>(αὐτῷ</em></strong></span> <span class='ocrx_word' id='word_1_377' title='bbox 619 4057 703 4100; x_wconf 84' lang='lat' dir='ltr'>unus</span> <span class='ocrx_word' id='word_1_378' title='bbox 732 4039 841 4101; x_wconf 80' lang='lat' dir='ltr'><strong>codex.</strong></span> <span class='ocrx_word' id='word_1_379' title='bbox 870 4039 947 4103; x_wconf 85' lang='grc' dir='ltr'><strong><em>αὐτὸ</em></strong></span> <span class='ocrx_word' id='word_1_380' title='bbox 976 4040 1089 4104; x_wconf 85' lang='lat' dir='ltr'><strong>Bauer.</strong></span> <span class='ocrx_word' id='word_1_381' title='bbox 1113 4040 1211 4104; x_wconf 82' lang='lat' dir='ltr'><strong>Bekk.</strong></span> <span class='ocrx_word' id='word_1_382' title='bbox 1241 4043 1346 4106; x_wconf 82' lang='grc' dir='ltr'><strong><em>αὐτῶν</em></strong></span> <span class='ocrx_word' id='word_1_383' title='bbox 1374 4049 1458 4106; x_wconf 87' lang='lat' dir='ltr'><strong>recte</strong></span> <span class='ocrx_word' id='word_1_384' title='bbox 1481 4043 1593 4126; x_wconf 82' lang='lat' dir='ltr'><strong>Linw.)</strong></span> 
     </span>
     <span class='ocr_line' id='line_1_41' title="bbox 367 4125 1593 4210; baseline 0.007 -23"><span class='ocrx_word' id='word_1_385' title='bbox 367 4125 402 4189; x_wconf 84' lang='grc' dir='ltr'><strong><em>τὸ</em></strong></span> <span class='ocrx_word' id='word_1_386' title='bbox 435 4126 566 4208; x_wconf 83' lang='grc' dir='ltr'><strong><em>ἔσχατόν</em></strong></span> <span class='ocrx_word' id='word_1_387' title='bbox 598 4127 754 4209; x_wconf 80' lang='grc' dir='ltr'><strong><em>ἔφυλασσε</em></strong></span> <span class='ocrx_word' id='word_1_388' title='bbox 785 4134 840 4210; x_wconf 87' lang='grc' dir='ltr'><strong><em>τῆς</em></strong></span> <span class='ocrx_word' id='word_1_389' title='bbox 872 4129 978 4210; x_wconf 90' lang='grc' dir='ltr'><strong><em>νήσου.</em></strong></span> <span class='ocrx_word' id='word_1_390' title='bbox 1018 4129 1129 4193; x_wconf 88' lang='lat' dir='ltr'><strong>Paullo</strong></span> <span class='ocrx_word' id='word_1_391' title='bbox 1158 4135 1231 4194; x_wconf 76' lang='lat' dir='ltr'><strong>ante</strong></span> <span class='ocrx_word' id='word_1_392' title='bbox 1255 4131 1379 4195; x_wconf 84' lang='lat' dir='ltr'><strong>dixerat</strong></span> <span class='ocrx_word' id='word_1_393' title='bbox 1407 4133 1593 4197; x_wconf 80' lang='grc' dir='ltr'><strong><em>οἱπλεῖστοι</em></strong></span> 
     </span>
     <span class='ocr_line' id='line_1_42' title="bbox 367 4216 481 4279; baseline -0.009 -2"><span class='ocrx_word' id='word_1_394' title='bbox 367 4216 481 4279; x_wconf 82' lang='grc' dir='ltr'><strong><em>αὐτῶν.</em></strong></span> 
     </span>
    </p>
   </div>
   <div class='ocr_carea' id='block_1_10' title="bbox 365 4322 1592 4591">
    <p class='ocr_par' dir='ltr' id='par_1_15' title="bbox 365 4322 1592 4591">
     <span class='ocr_line' id='line_1_43' title="bbox 455 4322 1592 4413; baseline 0.008 -28"><span class='ocrx_word' id='word_1_395' title='bbox 455 4322 511 4385; x_wconf 90' lang='lat' dir='ltr'><strong><em>IV.</em></strong></span> <span class='ocrx_word' id='word_1_396' title='bbox 536 4324 587 4385; x_wconf 89' lang='lat'><strong>32.</strong></span> <span class='ocrx_word' id='word_1_397' title='bbox 612 4326 640 4386; x_wconf 92' lang='lat'><strong>2.</strong></span> <span class='ocrx_word' id='word_1_398' title='bbox 665 4324 683 4386; x_wconf 88' lang='grc' dir='ltr'><strong><em>ἀ</em></strong></span> <span class='ocrx_word' id='word_1_399' title='bbox 707 4323 801 4394; x_wconf 87' lang='grc' dir='ltr'><strong><em>ἀλλος</em></strong></span> <span class='ocrx_word' id='word_1_400' title='bbox 829 4324 958 4407; x_wconf 86' lang='grc' dir='ltr'><strong><em>στρατὸς</em></strong></span> <span class='ocrx_word' id='word_1_401' title='bbox 984 4326 1166 4410; x_wconf 88' lang='grc' dir='ltr'><strong><em>ἀπέβαινον]</em></strong></span> <span class='ocrx_word' id='word_1_402' title='bbox 1195 4327 1311 4391; x_wconf 82' lang='lat' dir='ltr'><strong>Nonne</strong></span> <span class='ocrx_word' id='word_1_403' title='bbox 1335 4365 1378 4373; x_wconf 92' lang='lat'><em>-</em></span> <span class='ocrx_word' id='word_1_404' title='bbox 1401 4329 1592 4413; x_wconf 71' lang='grc' dir='ltr'><strong><em>ἀπέβαινενλ</em></strong></span> 
     </span>
     <span class='ocr_line' id='line_1_44' title="bbox 411 4409 1592 4502; baseline 0.008 -28"><span class='ocrx_word' id='word_1_405' title='bbox 411 4409 446 4475; x_wconf 80' lang='grc' dir='ltr'><strong><em>ἐκ</em></strong></span> <span class='ocrx_word' id='word_1_406' title='bbox 469 4411 528 4494; x_wconf 85' lang='grc' dir='ltr'><strong><em>μὲν</em></strong></span> <span class='ocrx_word' id='word_1_407' title='bbox 552 4418 634 4475; x_wconf 86' lang='grc' dir='ltr'><strong><em>νεῶν</em></strong></span> <span class='ocrx_word' id='word_1_408' title='bbox 652 4411 709 4496; x_wconf 87' lang='grc'><strong><em>-]</em></strong></span> <span class='ocrx_word' id='word_1_409' title='bbox 732 4413 792 4476; x_wconf 87' lang='lat' dir='ltr'><strong><em>His</em></strong></span> <span class='ocrx_word' id='word_1_410' title='bbox 814 4433 890 4477; x_wconf 87' lang='lat' dir='ltr'><strong><em>mox</em></strong></span> <span class='ocrx_word' id='word_1_411' title='bbox 913 4416 1218 4498; x_wconf 31' lang='lat' dir='ltr'><strong>respondentssverba</strong></span> <span class='ocrx_word' id='word_1_412' title='bbox 1241 4417 1294 4480; x_wconf 81' lang='grc' dir='ltr'><strong><em>καὶ</em></strong></span> <span class='ocrx_word' id='word_1_413' title='bbox 1317 4417 1404 4481; x_wconf 89' lang='grc' dir='ltr'><strong><em>ἀλλοι</em></strong></span> <span class='ocrx_word' id='word_1_414' title='bbox 1427 4419 1497 4482; x_wconf 88' lang='grc' dir='ltr'><strong><em>ὅσοι</em></strong></span> <span class='ocrx_word' id='word_1_415' title='bbox 1520 4419 1592 4502; x_wconf 81' lang='grc' dir='ltr'><strong><em>περὶ</em></strong></span> 
     </span>
     <span class='ocr_line' id='line_1_45' title="bbox 365 4499 1591 4591; baseline 0.007 -28"><span class='ocrx_word' id='word_1_416' title='bbox 365 4499 477 4564; x_wconf 90' lang='grc' dir='ltr'><strong><em>Πύλον</em></strong></span> <span class='ocrx_word' id='word_1_417' title='bbox 500 4508 644 4584; x_wconf 88' lang='grc' dir='ltr'><strong><em>κατεῖχον</em></strong></span> <span class='ocrx_word' id='word_1_418' title='bbox 668 4507 725 4588; x_wconf 78' lang='lat' dir='ltr'><strong>eto.</strong></span> <span class='ocrx_word' id='word_1_419' title='bbox 793 4506 822 4588; x_wconf 91' lang='lat'><strong><em>4.</em></strong></span> <span class='ocrx_word' id='word_1_420' title='bbox 847 4501 899 4566; x_wconf 79' lang='lat' dir='ltr'><strong><em>Sic</em></strong></span> <span class='ocrx_word' id='word_1_421' title='bbox 923 4503 1120 4588; x_wconf 81' lang='lat' dir='ltr'><strong>Donaldson‚</strong></span> <span class='ocrx_word' id='word_1_422' title='bbox 1144 4506 1223 4569; x_wconf 88' lang='grc' dir='ltr'><strong><em>κατὰ</em></strong></span> <span class='ocrx_word' id='word_1_423' title='bbox 1247 4507 1350 4570; x_wconf 90' lang='grc' dir='ltr'><strong><em>νώτου</em></strong></span> <span class='ocrx_word' id='word_1_424' title='bbox 1376 4533 1408 4572; x_wconf 89' lang='grc' dir='ltr'><strong><em>τε</em></strong></span> <span class='ocrx_word' id='word_1_425' title='bbox 1431 4509 1478 4571; x_wconf 81' lang='grc' dir='ltr'><strong><em>ἀεὶ</em></strong></span> <span class='ocrx_word' id='word_1_426' title='bbox 1501 4509 1591 4591; x_wconf 75' lang='grc' dir='ltr'><strong><em>ἔμελ-</em></strong></span> 
     </span>
    </p>
   </div>
   <div class='ocr_carea' id='block_1_11' title="bbox 0 0 1792 5335">
    <p class='ocr_par' dir='ltr' id='par_1_16' title="bbox 0 0 1792 5335">
     <span class='ocr_line' id='line_1_46' title="bbox 0 0 1792 5335; baseline 0 0"><span class='ocrx_word' id='word_1_427' title='bbox 0 0 1792 5335; x_wconf 95' lang='lat' dir='ltr'><strong><em> </em></strong></span> 
     </span>
    </p>
   </div>
  </div>
 </body>
</html>
