3576 5340
352 423 395 485 28
871 441 1058 488 rnoovmoas

352 600 473 684 λυνται]
497 599 551 665 καλ
566 600 740 672 διολλύντες
755 601 948 666 Donaldson.
988 600 1045 678 (λιι.
1070 602 1287 685 ἐπεξέρχονται
1311 601 1376 686 [καί
1392 601 1577 687 διάλλυνται]

352 727 394 736 -
417 689 620 756 τδνκίνδυνσν
651 691 859 775 ὑφορώμενοι
889 689 943 756 τὸν
975 697 1037 756 τοῦ.
1059 695 1126 771 (aut
1147 690 1210 766 τὸν,
1238 711 1294 776 pro
1317 692 1385 774 τοῦ)
1407 691 1576 756 ὑπολειπο-

350 780 449 863 μένου
473 780 603 864 ἐχθροῦ.

440 886 497 952 III.
513 889 565 951 42.
583 889 611 950 2.
635 888 664 952 εί
683 888 714 971 (l.
730 889 759 952 εἰ
772 888 816 971 έν)
839 888 925 971 ἄλλῳ
948 887 1004 953 τινλ
1027 891 1143 972 ήγεῖται
1165 887 1314 971 περὶτοῦ
1336 888 1505 971 μέλλοντος
1521 892 1577 953 ete.

398 979 426 1040 3.
448 977 663 1060 χαλεπώτατοι
691 977 719 1041 δ’
748 978 860 1042 ἐκεῖνοι
888 979 918 1042 σί
945 978 995 1042 ἐπὶ
1021 979 1163 1062 χρήμασι
1185 983 1500 1062 προκατηγορσῦντες
1523 978 1576 1042 άν-

351 1067 477 1141 τιλέξειν
507 1065 573 1130 τινά
602 1066 755 1130 Badham.
822 1067 1038 1150 χαλεπώτατοι
1071 1067 1106 1132 δὲ
1137 1067 1192 1131 καὶ
1223 1067 1294 1152 (del.
1317 1067 1435 1148 Herw.)
1467 1068 1498 1131 ολ
1529 1066 1579 1131 rat

351 1156 491 1240 χρήμασι
522 1162 856 1239 προσκατηγοροῦντες
888 1156 1033 1232 ἐπίδειξίν
1060 1180 1125 1220 τινα
1159 1158 1484 1240 (προκατηγοροῢντες
1512 1156 1577 1220 έπι-

353 1246 462 1320 δείξειν
489 1247 548 1309 τινί
568 1245 674 1310 Herw.
698 1245 860 1320 ἐπιδείξειν
888 1247 955 1328 jam
988 1245 1119 1311 Classen
1151 1246 1336 1330 proposuit).
1375 1244 1580 1329 Respondent

351 1335 429 1400 haee
452 1333 579 1399 Cleonis
606 1334 839 1399 insimulationi
868 1337 918 1400 38.
948 1336 966 1418 ξ
991 1339 1019 1400 2.
1049 1335 1146 1419 δῆλον
1174 1335 1219 1399 ὅτι
1247 1340 1306 1400 otc.
1335 1335 1405 1400 ooll.
1429 1334 1481 1398 40.
1506 1336 1525 1418 ᾗ
1549 1336 1578 1400 3.

397 1426 426 1512 4.
450 1424 592 1508 ἐλάχιστα
616 1423 677 1507 γὰρ
700 1426 740 1488 ἂν
766 1425 971 1509 πεισδείησσν
999 1425 1188 1508 ἁμαρτάνειν
1211 1425 1364 1508 (πεισθείη
1389 1425 1579 1507 ἁμαρτάνειν

352 1512 448 1577 Dobr.
472 1514 613 1597 πεισθείη
638 1514 886 1596 συναμαρτάνειν
909 1515 1050 1599 Madvig,
1073 1515 1142 1579 ooll.
1166 1514 1223 1578 IH.
1247 1515 1300 1577 43.
1316 1515 1366 1596 4.).
1405 1513 1580 1578 Praecessit

351 1603 465 1666 πλεῖστ’
497 1605 537 1666 ἂν
568 1603 699 1685 δρδοῖτσ
722 1605 742 1687 ή
766 1603 864 1675 πόλις.
938 1606 965 1668 5.
997 1612 1044 1687 τῷ
1075 1604 1163 1686 αὐτῷ
1189 1602 1399 1687 χαριζόμενός
1424 1603 1467 1688 τι]
1501 1601 1578 1688 [τῷ]

352 1692 627 1776 ἀντιχαριζόμενός
649 1716 676 1755 τι
698 1692 849 1757 Badham.

440 1799 498 1864 III.
508 1801 560 1863 43.
572 1801 601 1862 2.
623 1799 799 1884 περινοίας]
823 1800 869 1865 of.
893 1800 974 1865 Plat.
996 1802 1059 1864 Ax.
1084 1801 1147 1865 370
1166 1801 1202 1865 A.
1228 1804 1259 1865 et
1281 1799 1321 1864 ad
1338 1800 1393 1864 Ar.
1408 1799 1487 1864 Ran.
1506 1801 1578 1864 958.

398 1891 426 1952 3.
450 1890 483 1953 ἕν
505 1890 619 1972 τοιῷδε
646 1890 782 1963 ἀξιοῦντι
805 1890 839 1970 (f.
863 1890 1037 1973 ἀξιώματι).
1076 1888 1120 1953 Of.
1143 1890 1168 1953 Ι.
1194 1890 1266 1953 142.
1294 1890 1328 1954 ἒν
1343 1897 1397 1971 ’τῷ
1418 1889 1464 1973 μή
1487 1889 1578 1971 μελε·

351 1983 450 2043 τῶντι.
519 1980 548 2042 4.
573 1977 626 2043 Sic
646 1978 789 2061 Madvig,
812 1984 869 2043 νῦν
902 1979 937 2043 δὲ
969 1979 1051 2062 πρὸς
1074 1979 1183 2063 ὀργὴν,
1211 1981 1251 2062 ήν
1273 2002 1339 2042 τινα
1362 1978 1473 2062 τύχητε
1496 2002 1579 2062 σφα-

351 2069 465 2142 λέντες,
498 2066 554 2151 τήν
585 2074 640 2132 τοῦ
672 2068 835 2139 πείσαντος
861 2069 924 2132 κτλ.
969 2066 1027 2144 Qir.
1052 2104 1092 2115 —
1117 2070 1157 2151 ἢν
1184 2093 1211 2131 τι
1235 2070 1323 2150 (που,
1350 2068 1442 2150 ποτε)
1469 2069 1580 2152 τύχητε

352 2157 532 2240 σφαλέντες,
561 2163 616 2222 aut
642 2159 683 2240 ήν
709 2181 785 2221 ποτε
807 2157 918 2240 τύχητέ
943 2181 971 2220 τι
993 2158 1169 2240 σφαλέντες.
1209 2157 1255 2222 of.
1278 2157 1374 2220 Arist.
1397 2155 1481 2220 Nub.
1506 2158 1579 2222 593.

352 2249 384 2311 εἴ
400 2270 427 2310 τι
449 2246 672 2330 κάξημάρτετε.
711 2246 789 2311 Mox
811 2248 887 2329 μίαν
910 2248 1043 2330 γνώμην
1065 2247 1255 2312 mendosum
1278 2247 1412 2311 ridetur.
1472 2248 1579 2330 ήντινα

351 2335 477 2420 τύχητε]
502 2338 542 2419 ήν
564 2359 591 2399 τι
614 2336 745 2420 ἀτυχήτε·
768 2335 920 2400 Badham.
958 2336 1064 2401 Recte.

441 2441 498 2507 ΠΙ.
515 2444 567 2505 44.
586 2444 613 2506 l.
637 2443 666 2506 εί
685 2442 730 2526 μή
755 2442 931 2527 ξυμφέρον]
957 2441 1014 2519 Qu.
1039 2445 1068 2508 εί
1086 2443 1132 2528 μή
1157 2444 1322 2527 ξυμφέροι.
1362 2441 1416 2507 Sic
1438 2463 1515 2508 mox
1530 2463 1579 2510 se-

353 2534 462 2616 quitur
493 2533 522 2596 εί
550 2539 588 2616 τῇ
619 2533 708 2596 πόλει
739 2532 784 2616 μή
818 2532 943 2615 ἀγαδὸν
975 2533 1125 2616 φαίνοιτο.
1194 2535 1234 2616 ήν
1261 2557 1293 2598 τε
1319 2531 1373 2596 καλ
1400 2534 1530 2616 ἔχοντάς
1552 2558 1579 2597 τι

353 2622 543 2706 ξυγγνώμης
566 2627 618 2705 (so.
642 2622 804 2706 ἀποφήνω
827 2621 967 2704 αὐτοὺς),
990 2621 1060 2687 εἷεν
1091 2622 1159 2705 (let
1191 2624 1271 2687 thot
1293 2642 1392 2706 pass,
1426 2623 1522 2686 what
1544 2624 1582 2687 of

354 2711 535 2795 thatrga
555 2748 596 2758 -
621 2710 815 2776 Donaldson.
855 2711 912 2788 Qu.
945 2715 985 2796 ήν
1016 2736 1048 2776 τε
1078 2711 1133 2776 καλ
1164 2713 1293 2794 ἔχοντάς
1324 2735 1351 2775 τι
1379 2713 1578 2796 ξυγγνώμης,

353 2802 477 2884 ἀφεῖναι
500 2802 567 2885 (pro
591 2800 675 2883 εἶεν),
708 2802 736 2864 εἰ
755 2808 793 2885 τῇ
816 2801 905 2865 πόλει
935 2802 980 2884 μή
1010 2801 1135 2884 ἀγαθὸν
1158 2807 1299 2884 φανεῖται
1326 2803 1393 2885 (pro
1417 2802 1579 2885 φαίνοιτο).

352 2893 481 2975 ἔχοντας
509 2889 622 2972 (deleto
650 2889 721 2971 εἶεν)
750 2892 830 2973 conj.
854 2889 1029 2956 Dobraeus.
1097 2892 1137 2973 ήν
1164 2914 1195 2954 τε
1223 2890 1277 2954 καὶ
1304 2891 1427 2973 ἔχοντες
1453 2915 1481 2954 τι
1504 2894 1578 2973 ξυγ-

353 2981 483 3063 γνώμης
507 2978 578 3064 ελεν]
612 2981 651 3062 ήν
682 3003 714 3042 τε
740 2980 794 3042 καί
817 2981 946 3061 ἔχοντάς
968 3003 995 3042 τι
1018 2980 1209 3063 ξυγγνώμης
1231 2979 1285 3060 (so.
1309 2980 1495 3064 ἀποφήνω),
1524 2982 1580 3045 ἐᾶν

352 3068 484 3152 Burges.
511 3069 547 3132 in
570 3067 666 3132 Olass.
689 3068 801 3133 Journ.
825 3067 934 3132 XXII.
960 3069 1032 3132 376.
1075 3066 1185 3150 Recte,
1218 3069 1281 3133 nisi
1313 3069 1397 3150 quod
1430 3090 1488 3153 pro
1520 3069 1580 3134 εἶεν

352 3157 570 3242 reponendum
603 3158 708 3240 potius
741 3157 878 3239 ἀφεῖναι,
917 3158 1002 3239 quod
1034 3157 1129 3223 etiam
1167 3158 1367 3242 praecedenti
1399 3160 1580 3224 ἀποκτεῖναι

353 3246 468 3312 molius
499 3246 710 3330 respondebit
778 3248 818 3329 ήν
849 3271 881 3310 τε
912 3247 966 3310 καὶ
997 3248 1127 3330 ἔχοντάς
1157 3272 1185 3311 τι
1217 3249 1421 3332 ξυγγνώμης,
1455 3249 1580 3332 ἀφεῖναι
1612 3313 1615 3318 ,

351 3337 489 3402 feliciter
511 3335 664 3399 Badham.
704 3333 762 3411 QU.
785 3338 825 3419 ήν
847 3360 879 3400 τε
902 3337 955 3400 καὶ
978 3337 1107 3420 ἔχοντάς
1129 3361 1156 3401 τι
1179 3338 1370 3421 ξυγγνώμης
1393 3337 1473 3422 (sub.
1497 3339 1577 3403 ἀπο·

352 3426 472 3510 φήνωλ,
496 3426 560 3500 ἐᾶν,
585 3431 641 3488 aut
656 3426 759 3498 ἐᾶσαι,
783 3431 839 3489 aut
853 3426 1034 3508 ἀπολῦσαι),
1059 3428 1088 3490 εί
1108 3432 1178 3507 eto,
1208 3431 1264 3490 aut
1286 3429 1318 3491 εἴ
1334 3452 1366 3491 τε
1381 3426 1435 3491 καλ
1450 3429 1580 3510 ἔχοντας

353 3517 408 3580 δᾶν
431 3517 498 3599 (aut
522 3515 671 3599 ἀφεῖναι),
701 3521 756 3579 aut
771 3552 814 3562 —
834 3517 958 3598 ἔχοντες
980 3523 1115 3599 φανεῖεν.
1184 3517 1317 3601 ἔχοντες]
1341 3518 1472 3601 ἔχοντας
1496 3537 1579 3582 unus

353 3605 421 3671 eod.
451 3604 537 3688 prob.
566 3605 664 3669 Linw.
738 3603 809 3689 ελεν]
843 3606 968 3688 ἀφεῖναι
996 3605 1089 3670 Dind.
1123 3607 1178 3670 ἐᾶν
1201 3605 1331 3670 Lindav.
1360 3607 1448 3690 prob.
1472 3606 1579 3690 Linon,

353 3695 422 3760 coll.
446 3695 535 3758 VIII.
561 3696 611 3758 63.
648 3695 824 3777 ἐσκέφαντο
847 3695 1048 3778 Ἀλκιβιάδην
1074 3695 1143 3778 μὲν,
1172 3695 1341 3780 ἐπειδήπερ
1365 3697 1404 3760 οὗ
1426 3697 1580 3781 βούλεται,

352 3787 417 3847 έᾶν.
456 3783 719 3849 subaudiendum
743 3784 913 3868 ἀποφήνω.

441 3889 498 3953 III.
522 3892 575 3953 45.
602 3892 628 3953 l.
656 3891 798 3955 θανάτου
828 3893 924 3976 ζημία
953 3891 1131 3976 πρόκειται]
1160 3893 1300 3963 δάνατος
1324 3930 1365 3939 -
1391 3890 1497 3957 Cobet.
1537 3890 1580 3955 Cf.

352 3979 436 4044 Xon.
460 3978 549 4044 Veet.
567 3978 623 4042 IV.
640 3980 691 4043 21.
715 3982 927 4064 προκειμένης
949 3982 1074 4065 (προσκ.
1099 3981 1183 4064 libri)
1207 3982 1329 4065 ζημίας.
1400 3982 1504 4053 οὐδείς
1526 4006 1579 4046 πω

352 4067 528 4151 καταγνοὺς
550 4069 664 4133 ἑαυτοῦ
687 4069 732 4154 μή
756 4072 955 4153 περιέσεσθαι
978 4079 1025 4154 τῴ
1047 4071 1145 4154 (arpi)
1169 4071 1411 4156 ἕπιβουλεύματι
1426 4071 1525 4155 ήλιλεν
1548 4072 1580 4142 ἒς

351 4158 387 4223 τὸ
411 4158 521 4223 δεινόν.
590 4159 618 4222 3.
642 4157 732 4243 ὕβρει
747 4159 803 4242 τὴν
818 4157 1000 4237 πλεονεξίαν
1017 4160 1071 4224 καί
1086 4163 1281 4244 φρονήματι,
1305 4162 1338 4224 αἱ
1353 4161 1383 4225 δ’
1400 4161 1489 4225 ἀλλαι
1505 4165 1578 4236 ξυν-

351 4248 466 4332 τυχίαι]
499 4249 589 4332 ὕβρει
624 4248 681 4332 τήν
711 4249 902 4323 πλεονεξίαν,
939 4251 1130 4334 φρονήματα
1168 4250 1197 4314 δ’
1230 4251 1263 4314 αῖ
1298 4250 1387 4314 ἄλλαι
1420 4251 1579 4334 ξυντυχίαι

351 4336 503 4402 Badham.
544 4336 606 4413 Qui
622 4357 697 4402 mox
715 4339 921 4422 φρονήματος
937 4339 976 4403 ad
995 4341 1180 4422 κρείσσονος
1194 4338 1351 4423 intelligit.
1414 4342 1443 4404 4.
1460 4341 1478 4404 δ
1494 4342 1577 4423 ἔρως

351 4427 401 4491 ἐπὶ
423 4427 513 4491 παντί
536 4428 695 4511 (adocei),
720 4427 813 4510 ὁμὲν
828 4428 1007 4512 ἡγούμενος
1023 4434 1055 4493 et
1074 4478 1080 4490 .
1150 4429 1177 4494 5,
1197 4429 1251 4492 καὶ
1265 4428 1343 4511 μετὰ
1359 4429 1500 4514 πάντων]
1518 4428 1576 4507 Qu.

351 4516 405 4581 καί
425 4515 504 4600 μετὰ
526 4517 663 4581 πολλῶν.
730 4517 781 4582 ἐπὶ
812 4518 909 4582 πλέον
939 4543 966 4582 τι
997 4518 1093 4583 σῦτδν
1121 4518 1270 4594 ἐδόξασεν
1293 4519 1377 4603 vulg.
1405 4517 1457 4582 έπλ
1479 4518 1576 4583 πλέον
