3576 5340
376 332 419 394 24
895 345 1081 392 onnonninnn

373 509 524 574 Badham.
616 510 644 571 2.
667 506 817 592 πλέοντα]
850 506 995 577 πλέοντες
1018 504 1169 569 Badham.
1261 506 1289 567 4.
1323 504 1404 569 εἷλον
1427 503 1508 588 ήδη]
1543 503 1612 580 Qu.

373 597 563 752 ἔχιΙλώχιΞσαν.
603 598 767 662 norisium
805 601 911 660 tuetur
944 594 1109 678 Linwood,
1143 594 1213 659 coll.
1241 593 1298 658 ΠΙ.
1329 595 1379 657 32.
1414 593 1612 677 διέφθειρεν.

463 794 504 858 Π.
523 796 574 858 91.
592 795 620 857 1.
644 795 787 878 ἴσχουσαι
803 792 1010 876 ἀντίπρῳροι]
1035 792 1089 856 An
1107 796 1239 875 σχοῦσαι
1256 792 1320 855 -?
1355 790 1397 855 Et
1412 792 1458 855 sio
1473 791 1506 855 F.
1522 809 1629 855 corr.-

245 956 248 960 .
418 885 448 947 2.
471 885 491 967 ή
511 883 632 967 Ἀττική
665 889 742 954 ναῦς
766 921 807 930 -
831 888 869 966 τῇ
893 881 1084 965 [Λευκαδίᾳ]
1120 881 1281 964 διωκούσῃ
1308 918 1349 927 -
1374 879 1481 945 Cobet.
1549 881 1611 944 καὶ

373 973 606 1056 περιπλεύσασα
631 993 691 1037 om.
715 971 804 1037 codd.
830 971 984 1036 nonnulli.
1016 969 1210 1055 Interpolata
1233 971 1311 1048 haoo
1335 970 1491 1034 videntur.
1530 968 1610 1034 Nisi

375 1063 507 1146 quidem
543 1062 776 1145 περιπλεύσασα
814 1060 884 1144 (del.
922 1060 987 1142 καλ)
1023 1059 1235 1124 retinendum.
1326 1059 1610 1143 παρεσκευάζοντο

374 1151 606 1236 ἀμυνούμενοι]
630 1151 700 1215 Imo
717 1188 758 1197 —
776 1151 823 1222 ῶς
846 1149 1070 1232 ἀμυνούμενοι.

462 1258 504 1323 Π.
530 1261 579 1323 92.
605 1261 633 1322 3.
656 1265 711 1343 τής
741 1265 861 1342 τροπής
893 1259 930 1328 ἃς
957 1256 1039 1340 πρὸς
1070 1263 1107 1341 τῇ
1136 1263 1175 1340 γῇ
1199 1263 1276 1328 ναῦς
1301 1256 1497 1342 διέφθειραν]
1531 1255 1551 1320 1.
1577 1277 1608 1322 θ.

373 1354 429 1432 τής
450 1355 571 1431 τροπῆς
592 1352 657 1412 τῶν
679 1352 761 1413 νεῶν
784 1350 822 1419 ἃς
845 1353 902 1412 elo.
942 1345 986 1410 Of.
1010 1346 1067 1410 Ill.
1093 1347 1143 1409 68.
1166 1353 1230 1417 τοῖς
1257 1346 1362 1417 ἄλλοις
1390 1349 1410 1410 ἃ
1434 1345 1473 1429 ήν
1496 1348 1530 1410 ἓν
1558 1355 1610 1430 τῷ

373 1439 464 1521 τείχει
496 1437 618 1502 ἔπιπλα.
651 1436 723 1501 VII.
747 1439 799 1500 43.
831 1436 868 1500 τὰ
897 1436 1091 1520 στρατόπεδα
1124 1437 1144 1500 ἃ
1177 1434 1216 1519 ήν
1248 1435 1299 1500 ἐπὶ
1330 1440 1394 1499 τῶν
1421 1434 1609 1500 Ἐπιπολῶν

374 1527 451 1610 τρία.
534 1533 589 1610 τῆς
619 1523 755 1614 τροπῆς]
793 1525 865 1591 Ηοο
900 1525 1072 1591 dolendum
1107 1529 1217 1590 conset
1248 1524 1404 1608 Badham,
1442 1525 1517 1588 olim
1548 1525 1609 1596 τὰς

374 1616 525 1699 τροπίδας
540 1615 764 1700 corrigendum
788 1621 889 1680 ratus:
914 1616 960 1686 ῶς
975 1614 1179 1698 νενικηκότας
1194 1615 1280 1680 enim
1302 1613 1357 1685 τὰς
1381 1620 1458 1685 ναῦς
1481 1633 1604 1698 rogero.

462 1723 505 1787 Π.
530 1725 580 1788 93.
606 1725 635 1786 2.
668 1725 740 1788 οὔτε
767 1723 945 1806 προσδοκία
974 1723 1106 1806 οὐδεμία
1143 1721 1188 1806 μή
1222 1722 1261 1785 ἄν
1293 1745 1369 1786 ποτε
1397 1723 1428 1786 οῖ
1458 1722 1606 1805 πολέμιοι

375 1813 564 1887 ἐξαπιναίως
588 1815 690 1884 οὕτως
714 1812 940 1896 ἒπιπλεύσειαν]
958 1850 999 1859 -
1019 1811 1131 1895 μηδέν’
1155 1813 1194 1874 ἂν
1217 1835 1293 1875 ποτε
1318 1811 1360 1895 [oi
1382 1811 1543 1896 πολέμιοι]
1562 1850 1603 1859 -

375 1903 556 1966 ἐπιπλεῦσαι
584 1901 737 1966 Badham.
776 1902 845 1966 Imo
874 1940 911 1948 —
934 1902 979 1985 μή
1008 1925 1084 1965 ποτε
1110 1938 1150 1946 -
1174 1900 1347 1964 πλεύσειαν.
1424 1900 1502 1965 καθ’
1526 1903 1604 1984 ήσυ-

374 1992 454 2074 χίαν,
479 1990 549 2055 οὐδ’
573 1990 614 2074 εἰ]
644 1991 721 2054 καθ’
745 1991 878 2074 ἡσυχίαν
906 1987 945 2064 δ’,
975 1991 1003 2054 εἰ
1024 1990 1161 2074 Madvig.
1201 1989 1254 2054 sio
1277 1989 1420 2072 Madvig,
1449 1990 1515 2054 ἐπεὶ
1538 1991 1605 2054 οὔτ’

376 2080 442 2144 ἀπδ
464 2085 520 2145 τοῦ
543 2085 733 2163 προφανοῦς
755 2080 908 2162 τολμῆσαι
931 2081 979 2152 ἂν,
1002 2078 1080 2143 καθ’
1096 2079 1229 2162 ήσυχίαν
1245 2078 1275 2143 δ’
1291 2081 1320 2143 εί
1334 2080 1522 2153 διενοοῦντο,
1547 2085 1605 2145 eto.

421 2169 487 2234 ἐπεὶ
516 2168 586 2233 οὐδ’
611 2206 652 2215 -
677 2168 753 2233 οὐδὲ
777 2169 866 2232 codd.
890 2167 956 2232 ἐπεὶ
980 2169 1044 2231 οὔτ’
1070 2206 1111 2214 -
1135 2170 1207 2232 οὔτε
1231 2168 1328 2232 Bell.
1367 2167 1473 2232 Recte.
1542 2169 1605 2234 διε-

375 2265 507 2323 νοοῦντο
523 2257 670 2341 (δυνατόν
686 2257 777 2339 εἶναι)
790 2295 831 2304 -
849 2259 928 2342 oonj.
946 2255 1139 2322 Donaldson.
1178 2259 1328 2341 Alioquin
1344 2258 1428 2322 onim
1446 2258 1605 2323 offendero

377 2347 453 2412 οὐδὲ
475 2352 547 2431 posi
570 2349 649 2411 οὔτε.
719 2348 747 2410 3.
771 2355 817 2430 τῷ
839 2371 871 2411 τε
890 2347 979 2430 (did)
995 2349 1143 2430 φρουρίῳ
1159 2348 1360 2430 προσέβαλον
1376 2348 1606 2430 (προσέβαλλον

375 2435 412 2500 Ε.
435 2438 568 2501 fortasse
600 2437 700 2519 recte)
733 2441 789 2502 etc.
868 2438 924 2521 τήν
955 2460 987 2500 τε
1019 2437 1116 2521 ἄλλην
1148 2437 1314 2520 Σαλαμῖνα
1353 2437 1606 2521 ἀπροσδοκήτοις

376 2526 497 2609 (malim
521 2526 783 2610 ἀπροσδοκήτως)
807 2526 1004 2598 ἐπιπεσόντες
1028 2527 1200 2610 ἕπόρδουν.

464 2632 504 2698 ΙΙ.
531 2635 581 2697 94.
607 2635 633 2696 1.
666 2635 804 2718 φρυκτοί
832 2658 864 2698 τε
897 2633 1031 2719 ᾔροντο]
1070 2634 1185 2699 Nonne
1214 2671 1255 2680 —
1284 2635 1405 2717 ᾔδοντο
1438 2635 1606 2713 (accende-

375 2723 524 2806 bantur)?
592 2723 796 2807 φυλακὰς-
813 2723 1018 2807 καθίσταντο]
1044 2723 1088 2787 Of.
1112 2723 1195 2788 Xon.
1220 2723 1293 2805 Cyn.
1308 2722 1365 2786 ΠΙ.
1384 2724 1411 2785 3.
1430 2726 1480 2787 33.
1504 2725 1604 2806 φυλα-

375 2811 435 2884 κὰς
457 2814 735 2896 καταστησάμενοι.
759 2813 876 2877 Herod.
899 2813 957 2876 ΙΙΙ.
984 2815 1032 2875 72.
1057 2817 1089 2877 et
1111 2813 1150 2876 ad
1175 2812 1271 2875 Arist.
1296 2813 1355 2875 Av.
1381 2813 1454 2876 841.
1481 2814 1574 2877 1161.

464 2919 505 2983 II.
523 2920 572 2983 90.
591 2922 619 2983 2.
644 2921 678 2983 οἳ
696 2919 765 2983 Δῖαι
792 2918 976 3002 καλοῦνται]
1002 2917 1046 2982 Of.
1072 2918 1141 2982 VII.
1160 2920 1210 2982 27.
1239 2917 1380 3002 Θρᾳκῶν
1402 2924 1466 2984 τῶν
1488 2944 1603 3004 μαχαι-

377 3008 534 3092 ροφόρων
556 3013 612 3072 τοῦ
636 3008 756 3071 Διακοῦ
781 3009 899 3089 γένους.

464 3114 505 3180 Π.
531 3116 581 3179 97.
608 3117 634 3178 1.
664 3116 697 3186 ἒς
718 3115 773 3180 τόν
795 3115 949 3190 Εὔξεινον
976 3115 1093 3179 πόντον
1119 3115 1173 3180 τδν
1197 3115 1265 3198 (τὸν
1293 3137 1353 3181 om.
1382 3136 1468 3180 unus
1495 3117 1602 3182 codex.

376 3204 463 3288 prob.
492 3203 592 3268 Linw.
621 3205 717 3287 recte)
748 3207 842 3288 μέχρι
866 3204 990 3287 Ἴστρου
1027 3211 1181 3288 ποταμοῦ.
1231 3205 1334 3270 Causa
1369 3207 1478 3270 mandi
1511 3208 1603 3271 obvia

377 3299 431 3360 asi.
501 3296 530 3358 3.
563 3294 640 3359 ὅσον
676 3293 852 3378 προσήξαν]
883 3294 979 3362 ,ὅσων
1015 3298 1182 3379 προσήξαν
1214 3296 1251 3358 al.
1285 3295 1423 3380 Madvig.
1456 3296 1601 3380 ὅσωνπερ

375 3382 478 3468 ἧρξαν
502 3385 582 3468 oonj.
606 3383 702 3450 Dind.
741 3383 799 3460 Qu.
833 3384 908 3455 ὅσος
939 3385 1081 3467 προσῄει.
1120 3385 1221 3466 Haeo,
1250 3386 1366 3450 misero
1394 3385 1533 3467 turbata,
1561 3387 1602 3450 ita

377 3475 562 3538 concinnari
585 3493 677 3557 posse
707 3474 877 3537 arbitratur
900 3474 1056 3538 Badham:
1091 3477 1319 3558 κατεστήσαντο
1343 3474 1403 3557 γὰρ
1426 3476 1602 3539 τούναντίον

375 3569 430 3645 τῆς
456 3567 521 3627 τῶν
548 3561 688 3646 Περσῶν
715 3564 885 3646 βασιλείας,
912 3561 935 3646 ή
962 3564 1084 3645 αἴσχιον
1112 3562 1151 3646 ἦν
1179 3565 1345 3647 αἰτηθέντα
1373 3565 1418 3647 μή
1450 3563 1600 3648 δοῦναιή

376 3652 542 3734 αἰτήσοντα
564 3651 610 3734 μή
638 3653 753 3734 λαβεῖν,
785 3652 839 3716 τδν
871 3653 972 3735 νόμον
1004 3653 1078 3716 ὄντα
1110 3653 1170 3736 μὲν
1197 3653 1250 3717 καλ
1281 3659 1345 3723 τοῖς
1372 3654 1477 3724 ἄλλοις
1504 3653 1601 3737 Θρᾳξί

375 3740 548 3824 λαμβάνειν
574 3741 696 3822 μᾶλλον
723 3743 743 3824 ή
768 3741 902 3805 διδόναι·
931 3742 1023 3825 ὅμως
1051 3741 1086 3805 δὲ
1110 3747 1167 3806 etc.
1231 3741 1412 3827 Ὀδρυσῶν]
1441 3744 1539 3827 Hinc,
1570 3745 1601 3806 ni

375 3829 481 3912 fallor,
504 3847 622 3894 nomon
638 3829 828 3895 hodiernum
851 3830 1109 3896 Dobrudsoha.
1180 3833 1207 3894 5.
1227 3831 1308 3895 πολὺ
1327 3832 1472 3916 δεύτερα]
1497 3832 1600 3909 ‘Quito

377 3919 430 3983 the
453 3923 531 3982 next
554 3915 637 3982 best'
661 3920 756 3983 vertit
777 3919 940 3984 Linwood.
1019 3920 1091 4003 περὶ
1121 3925 1186 3985 τῶν
1217 3921 1386 4004 παρόντων
1413 3924 1600 4007 (παριόντων

377 4009 458 4090 conj.
482 4007 621 4092 Madvig)
645 4008 677 4078 ἒς
699 4007 754 4072 τόν
775 4010 853 4091 βίον.

464 4114 506 4179 ΙΙ.
532 4115 603 4179 100.
628 4118 657 4178 4.
688 4115 905 4201 καδέστησαν]
938 4116 1138 4181 καδέστασαν
1165 4118 1303 4200 (uncinis
1330 4119 1454 4183 incluso
1478 4117 1598 4201 αὑτοὺς]

294 4255 298 4262 ,
377 4202 570 4269 Donaldson.

463 4310 505 4375 Π.
532 4311 603 4375 101.
625 4312 682 4394 τήν
705 4335 737 4375 τε
759 4309 959 4394 Χαλκιδικὴν
984 4349 1025 4358 -
1049 4314 1175 4396 ἐπέχων
1198 4313 1358 4398 ἔφθειρεν]
1383 4313 1427 4378 Cf.
1452 4315 1491 4378 ad
1511 4316 1597 4380 Arist.

375 4399 447 4465 Pac.
474 4401 568 4464 1121.
600 4399 671 4464 παῖ’
704 4399 799 4465 αὐτὸν
836 4401 968 4484 ἕπε’χων.
1037 4401 1253 4488 Σπαρδόκου]
1286 4403 1485 4486 Σπαρδόκου
1510 4405 1541 4468 0.
1566 4405 1597 4469 0.
