3510 5338
363 391 404 454 76
883 407 1067 453 rnoormorrs

373 559 455 631 καὶ
483 567 533 631 διὰ
557 567 592 630 ιδ
616 567 821 650 (ἀγχώμαλον
848 573 904 649 τῆς
936 555 1081 649 ἁμίλλης)
1114 567 1287 648 ἀνώμαλον
1314 567 1369 630 καί
1390 567 1446 649 τὴν
1470 568 1588 648 ἔποψιν

357 665 411 741 τῆς
434 658 610 740 ναυμαχίας
633 655 826 720 lionaldson.
870 655 999 719 Excidit
1025 656 1110 719 haud
1134 655 1231 719 dubie
1254 657 1388 739 aliquid,
1418 656 1473 720 sed
1501 657 1588 720 idem

358 752 423 850 epit
399 747 478 810 'tthe
466 752 533 810 tum
556 748 705 810 iteratum
729 765 797 810 esse
821 747 889 899 ipse
912 764 969 809 sen
971 750 1038 809 tten
1039 746 1070 808 ia
1094 749 1142 809 ost
1130 735 1243 826 tendit',
1267 765 1368 826 eaque
1384 765 1481 810 causa
1504 765 1589 810 erro-

358 839 401 900 ris
428 836 490 899 fuit
518 856 618 919 quum
649 835 772 898 librarii
800 837 865 898 osci
868 839 935 899 itan
937 835 963 897 is
923 835 1104 898 toculus
1137 835 1176 896 ad
1210 835 1367 917 posterius
1399 855 1455 916 pro
1489 837 1588 918 priori

359 926 525 990 aberraret.
507 925 648 1008 lLege
674 925 774 1006 igitur
800 924 854 987 καί
882 923 947 986 διά
961 922 996 986 τδ
1029 924 1217 1010 (ἀνώμαλον
1245 931 1299 1006 τῆς
1327 924 1473 1006 ἁμίλλης)
1502 924 1588 988 ἀνῶ·

357 1015 462 1102 μαλον
493 1015 629 1078 καίθίο.
668 1013 712 1076 Cf.
737 1015 755 1096 6
780 1010 818 1076 3.
838 1012 888 1076 διὰ
917 1012 952 1075 τὸ
976 1002 1117 1095 ἀκρίτως
1141 1012 1268 1095 ξυνεχὲς
1289 1019 1345 1096 τῆς
1369 1013 1507 1096 ἁμίλλης.
1532 1014 1586 1078 sed

359 1097 431 1184 64.
460 1105 523 1174 ἕως
551 1103 773 1186 ἀγχώμαλα’
758 1103 967 1184 εναυμάχουν.
1052 1100 1181 1189 ἐοικὼς]
1211 1102 1306 1172 εἰκὼς
1329 1100 1435 1167 Cobet.
1475 1101 1519 1166 Of.
1549 1103 1589 1164 ad

359 1193 414 1256 VI
440 1194 490 1255 55.
530 1193 609 1256 Mihi
633 1193 762 1273 quidem
789 1191 1013 1274 corrigendum
1036 1191 1164 1254 videtur
1186 1190 1240 1254 καί
1273 1191 1323 1254 διὰ
1351 1191 1387 1254 τδ
1415 1183 1589 1273 ἀνώμαλον

358 1290 412 1366 τῆς
445 1290 502 1365 γῆς
535 1282 708 1364 ἀνώμαλον
739 1281 793 1343 καί
827 1281 883 1362 τὴν
921 1282 1037 1361 ἔποψιν
1068 1287 1123 1363 τῆς
1157 1281 1334 1363 ναυμαχίας
1371 1281 1589 1366 ἠναγκάζοντο

359 1373 447 1454 ἐχειν.
517 1371 741 1453 ἀνεθάρσησάν
763 1394 794 1432 τε
817 1368 868 1452 ἀν]
899 1368 956 1444 Qu.
981 1369 1204 1452 ἀνεθαρσησάν
1225 1394 1258 1432 τε
1286 1371 1340 1448 (ἀν
1363 1388 1423 1432 om.
1448 1369 1504 1450 Β.)
1544 1369 1589 1432 Of.

360 1466 465 1524 tamen
489 1457 1568 1571 Χοο.Ογτ.ΙῙΙΙ.1.16.οπότεπροσβλέφειέτινας-εἶπεν
1550 1483 1590 1522 αν

360 1586 401 1596 -
425 1552 464 1612 ἀν
487 1549 654 1622 ἔλεξεν-
679 1551 719 1611 ἀν
741 1548 865 1629 προιὼν
889 1547 1103 1612 εἶπεν.καί
1129 1548 1212 1631 πρὸς
1239 1548 1410 1630 ἀνάκλησιν
1433 1549 1589 1612 θεῶν-

359 1640 533 1721 ἐτρέποντο.
603 1641 630 1701 3
659 1638 746 1701 ἀλλοι
770 1637 804 1700 δὲ
832 1638 884 1700 καί
908 1637 990 1718 πρὸς
1013 1637 1181 1700 ἀντίπαλόν
1212 1662 1239 1700 τι
1272 1637 1365 1719 (πρὸς
1395 1637 1430 1700 τὸ
1460 1638 1588 1700 ἀντίπα-

359 1730 451 1808 λονλ)
483 1735 537 1810 τῆς
569 1729 746 1810 ναυμαχίας
773 1727 937 1796 ἀπιδόντες
960 1732 1017 1790 etc.
1091 1726 1196 1789 διὰ
1165 1751 1200 1789 το
1224 1727 1362 1809 ἀκρίτως
1385 1726 1511 1840 ξυνεχὲς
1534 1734 1590 1810 τῆς
1687 1800 1691 1808 ,

360 1817 506 1900 ἁμίλλης]
531 1816 589 1892 Qu.
614 1817 664 1880 διὰ
689 1816 723 1880 τὸ
743 1816 920 1906 ξυνεχῶς”
899 1839 1026 1926 ακριτον
1043 1854 1097 1878 -.
1159 1815 1230 1877 4.
1210 1840 1251 1906 ην
1266 1840 1298 1879 τε
1314 1841 1347 1879 εν
1362 1840 1407 1878 τω
1425 1817 1513 1899 αὐτῷ
1528 1815 1587 1901 -]

359 1905 510 1970 Malim
491 1932 531 1990 ην
555 1899 661 1970 66-.
700 1899 757 1982 Qu.
787 1897 985 1988 ὀλοφυρμὸς,
1007 1905 1098 2007 χόον),
1137 1895 1313 1994 [νικῶντες,
1346 1906 1588 1990 κρατούμενοι]

359 1997 436 2059 ἀλλα
470 1997 534 2076 (καί
561 1996 638 2059 ἀλλα
663 2000 719 2058 aut
706 1996 826 2058 ίάλλα
859 2019 904 2067 τε,
938 2000 973 2058 ut
1004 1995 1037 2056 in
1065 1995 1114 2056 76.
1147 1987 1224 2057 ἀλλα
1256 2018 1288 2058 τε
1321 1995 1380 2058 ὅσα
1409 1994 1495 2065 εἰκδς
1518 1997 1588 2075 eto)

361 2086 420 2149 ὅσα
449 2087 482 2148 ἐν
509 2085 640 2167 μεγάλῳ
663 2084 804 2165 κινδύνῳ
835 2085 917 2165 μέγα
950 2083 1162 2165 στρατόπεδον
1194 2084 1346 2166 πολυειδῆ
1378 2084 1588 2165 ἀναγκάζοιτο

360 2171 620 2256 (ἀναγκάζεταιῖ)
653 2174 859 2256 φθέγγεσθαι.
929 2172 1128 2254 ὀλοφυρμὸς,
1159 2172 1239 2256 βοὴ]
1269 2171 1302 2235 Si
1334 2174 1479 2238 faverent
1506 2173 1589 2255 libri,

359 2263 436 2345 βοὴ,
467 2263 653 2345 ὀλοφυρμὸς
681 2263 770 2325 malit
792 2261 964 2325 Elmsleios
992 2262 1031 2323 ed
1055 2262 1130 2325 Her.
1156 2264 1228 2325 833.
1260 2261 1313 2348 ΙΟί.
1338 2263 1452 2327 Aesoh.
1476 2265 1589 2345 Agam.

361 2353 433 2415 332.
515 2353 543 2415 5
566 2353 633 2415 τότε
658 2351 692 2414 δὲ
720 2351 793 2433 (δὴί
799 2352 808 2431 )
778 2352 851 2414 Ρό
873 2351 933 2437 μέν
960 2350 1106 2421 ναυτικὸς
1130 2351 1259 2434 στρατὸς
1283 2356 1340 2415 etc.
1420 2354 1447 2415 6.
1470 2352 1588 2416 πεπόν-

360 2440 471 2524 θεσαν]
497 2439 581 2524 Lege
604 2439 835 2504 ἐπεπόνθεσαν
899 2441 1103 2528 παραπλήσιά
1127 2465 1158 2504 τε
1181 2440 1395 2524 πεπόνθεσαν]
1420 2439 1503 2524 Lege
1526 2465 1587 2504 πα-

360 2532 517 2614 ραπλησια
543 2531 577 2594 δέ
601 2531 826 2594 ἐπεπόνθεσαν.

450 2638 520 2701 VII
546 2636 932 2720 Ι2.1.οιΣυρακοσιοι]
958 2609 1016 2713 Qo
1037 2637 1118 2701 οἱ
1081 2662 1141 2720 μεν
1157 2637 1360 2720 Συρακοσιοι
1431 2639 1458 2701 2
1483 2638 1541 2711 ῶς
1547 2677 1588 2684 -

360 2728 416 2810 τὴν
439 2729 571 2811 γνώμην
595 2726 759 2810 εἰχον]Οἰ.
786 2728 880 2790 Arist.
903 2726 987 2790 Nub.
1014 2728 1085 2789 157.

448 2834 519 2899 VH.
545 2835 595 2897 73.
622 2836 648 2897 l.
672 2834 709 2897 τὰ
733 2834 908 2915 στενόπορα
941 2839 1006 2898 τῶν
1033 2835 1163 2916 χωρίων
1194 2834 1400 2916 διαλαβόντας
1423 2836 1587 2917 (προφθά-

360 2949 474 2994 σαντας
502 2926 539 2986 Α.
565 2922 601 2986 Ι).
624 2923 661 2984 Ε.
685 2924 717 2986 F.
743 2923 778 2985 G.
802 2924 840 2986 of.
864 2923 971 3006 paullo
997 2924 1089 2998 infra)
1113 2924 1291 3004 φυλάσσειν.
1361 2925 1389 2985 2.
1413 2925 1502 3006 ἔτυχε
1526 2924 1587 3006 γὰρ

360 3016 465 3083 αὐτοῖς
483 3011 637 3093 Ἡρακλεῖ
656 3010 839 3095 (Ἡρακλεῐα
863 3017 949 3075 recte
974 3012 1020 3091 B.)
1052 3013 1166 3095 ταύτην
1198 3012 1253 3094 τὴν
1285 3013 1408 3095 ἡμέραν
1432 3013 1467 3091 (l.
1492 3013 1587 3096 ταύτῃ

360 3109 397 3185 τῇ
429 3101 546 3184 ἡμέρᾳ)
577 3101 673 3164 θυσία
707 3099 796 3163 οὖσα.
887 3101 940 3163 καί
972 3101 1086 3164 πάντα.
1105 3101 1226 3183 μᾶλλον
1236 3149 1240 3152 .
1258 3102 1390 3176 ἐλπίζειν
1422 3105 1462 3165 ἀν
1494 3108 1589 3186 σφῶν

361 3190 494 3273 (σφίσιῖ)
526 3190 695 3253 πείθεσθαι
722 3190 845 3260 αὐτούς.
938 3191 965 3254 3.
998 3190 1052 3253 καί
1084 3192 1187 3254 οόκέτι
1220 3192 1344 3255 ἔπειθεν
1377 3191 1507 3276 αότοὺς]
1537 3191 1589 3255 Sic

362 3281 449 3344 codd.
475 3280 572 3342 Bekk.
597 3279 650 3342 καὶ
674 3280 734 3343 οὐκ
758 3280 883 3343 ἔπειθεν
900 3318 941 3325 --
958 3280 1078 3363 Πότα,
1101 3287 1138 3344 ut
1161 3281 1237 3343 olim
1261 3281 1432 3364 legebatur.

449 3388 520 3452 VH.
547 3389 596 3451 74.
622 3389 649 3452 l.
682 3388 773 3458 ὅπως
800 3389 1043 3460 ξυσκευάσαιντο
1072 3389 1343 3467 (ξυσκευάσωνται
1365 3388 1403 3452 Ι).
1437 3393 1469 3452 et
1500 3412 1589 3452 συσκ.

361 3502 408 3559 γρ.
433 3478 468 3542 G.
493 3478 624 3541 fortasse
646 3477 744 3560 recte)
769 3483 825 3540 etc.
894 3478 1104 3560 ἀναλαβόντες
1137 3477 1171 3540 δὲ
1204 3478 1283 3541 αὐτά
1298 3477 1366 3561 “-]
1398 3475 1483 3561 Lege
1512 3479 1589 3541 ἀνα·

360 3567 514 3679 λαβόντας
530 3568 587 3647 (sie
603 3566 649 3646 Β.)
672 3567 821 3630 δὲταῦτα
839 3603 894 3628 -.
964 3569 992 3629 3.
1016 3568 1192 3649 ἐνέπρησαν
1214 3567 1248 3630 δὲ
1266 3568 1324 3653 -]
1349 3567 1432 3650 Lege
1456 3568 1588 3651 ἐνεπρη-

361 3679 420 3719 σαν
434 3681 466 3719 τε
482 3694 539 3717 -.

450 3761 520 3824 VH.
547 3761 596 3822 75.
623 3763 650 3823 1.
682 3765 702 3843 6
736 3762 916 3845 ἀνάστασις]
945 3764 964 3846 6
994 3762 1206 3831 ἀπανάστασις
1224 3735 1343 3825 ¹Herw.
1377 3764 1589 3838 “Ἀνάστασις,

360 3851 479 3933 inquit,
503 3850 693 3913 describitur
716 3872 743 3912 v,
768 3872 793 3913 c.
817 3850 858 3914 ΙΙ.
883 3853 923 3914 14
939 3852 959 3913 f.
984 3851 1214 3914 ἀπανίστασθαι
1238 3858 1346 3915 contre
1371 3854 1505 3916 solemni
1530 3873 1590 3917 usu

362 3939 480 4002 dicitur
507 3939 546 4002 de
574 3941 718 4002 exercitu
746 3941 803 4021 qui
826 3958 860 4002 re
883 3938 1004 4004 iniecta
1027 3939 1225 4004 abducitur.'’
1295 3943 1323 4003 3.
1347 3944 1379 4006 εἴ
1395 3965 1441 4023 τῳ
1458 3942 1493 4005 δὲ
1508 3967 1588 4023 προ-

361 4030 442 4092 λίποι
467 4028 657 4110 (ἐπιλίπσιί)
678 4029 697 4110 6
715 4029 810 4110 ῥώμη
826 4029 930 4092 καὶτὸ
947 4034 1050 4110 σῶμα.
1119 4031 1179 4093 οόκ
1203 4031 1277 4094 ἀνευ
1294 4031 1409 4113 ὀλίγων
1428 4032 1588 4095 ἐπιθειασ-

361 4123 434 4200 μῶν
457 4117 511 4180 καὶ
535 4119 679 4199 οἰμωγῆς
702 4118 867 4199 (οἰμωγῶν
883 4118 950 4182 cod.
967 4118 1080 4200 Mosq.)
1097 4120 1181 4202 vulg.
1206 4121 1265 4183 οὐκ
1289 4121 1363 4183 ἀνευ
1380 4121 1508 4184 πολλῶν
1524 4123 1591 4201 (eut
1647 4189 1648 4192 χ

362 4207 498 4289 ἀλόγων)
531 4207 747 4288 ἐπιθειασμῶν
771 4243 811 4252 -
837 4207 973 4289 Madvig.
1012 4210 1072 4272 οὐκ
1105 4210 1180 4272 ἀνευ
1213 4209 1340 4290 λυγρῶν
1373 4210 1590 4292 ἐπιθειασμῶν

361 4334 405 4342 -
420 4297 602 4360 Heilmann
626 4296 685 4359 οὐκ
710 4296 784 4358 ἀνευ
809 4297 1025 4398 ἐπιθειασμῶν
1040 4298 1093 4360 καί
1117 4299 1270 4379 οἰμωγῶν
1287 4299 1420 4361 Goeller.
1438 4300 1477 4362 ad
1494 4298 1589 4364 Dion.

361 4386 432 4451 Hal.
457 4386 496 4450 de
520 4385 552 4448 O.
571 4384 607 4446 V.
631 4406 695 4468 p.
677 4385 752 4448 200.
753 4386 840 4466 ‚qui
864 4386 995 4467 ὀλίγων
1003 4407 1045 4450 ex
1068 4386 1232 4467 ὀλολυγῶν
1255 4392 1436 4471 corruptum
1461 4389 1495 4451 in
1520 4395 1589 4452 tex-

361 4480 429 4538 tum
453 4475 617 4558 irrepsisse
644 4479 770 4538 censet.
828 4474 909 4558 πρὸς
933 4475 1171 4557 ἀντιβολίαν-
1191 4477 1399 4562 τραπόμενοι]
1417 4478 1461 4542 oi.
1473 4477 1588 4561 Eupol.
