3510 5338
316 395 318 402 ’
352 413 394 474 56
873 425 1059 470 ισσστοιιιιις

351 589 470 672 Hero,
503 589 556 652 oui
589 607 676 651 error
708 592 802 650 natus
825 586 952 650 videtur
984 603 1025 647 ex
1057 584 1213 667 scriptura
1235 583 1406 666 μέλλοντας
1436 582 1585 664 γενέσθαι

352 678 555 830 (suprVVVV.
578 765 698 849 πολλὴν
725 765 781 848 τὴν
811 763 1009 847 διαμέλλησιν
1038 762 1244 846 (διαμίλλησιν
1267 762 1372 825 Horw.
1398 781 1449 844 qu.
1474 761 1583 843 ἐπιμέ-

353 858 449 939 λειαν)
472 863 526 939 τῆς
549 855 630 938 πρὸς
654 857 739 938 ἡμᾶς
762 855 908 937 φυλακῆς
931 853 1122 935 ποιήσονται.
1190 851 1264 922 τοὺς
1286 852 1441 934 νησιώτας
1463 852 1495 914 τέ
1516 874 1585 913 που

353 944 546 1029 ἀνάρκτους]
570 945 643 1015 τοὺς
666 946 820 1028 νησιώτας
842 944 916 1014 τούς
938 945 963 1004 τ’
988 943 1164 1023 ἀνάρκτους
1188 941 1339 1004 Badham.

446 1053 484 1116 V.
510 1053 582 1115 100.
606 1050 625 1134 ῆ
649 1075 713 1114 που
737 1049 815 1133 ἀρα]
840 1049 859 1132 ῆ
884 1055 963 1132 τάρα
987 1049 1095 1112 Elmsl.
1120 1048 1159 1112 ad
1182 1046 1257 1112 Her.
1283 1048 1355 1110 651.

444 1142 482 1204 V.
509 1143 570 1204 102
588 1159 633 1222 sq.
662 1141 704 1203 ἔτι
726 1140 780 1204 καί
812 1140 933 1222 (malim
955 1139 1028 1221 κᾶν)
1060 1144 1167 1221 στῆναι
1200 1138 1311 1219 ὀρδῶς
1343 1137 1467 1220 (ἀρδοῖς
1499 1143 1586 1201 recto

352 1232 474 1313 Horo,
499 1251 541 1294 so.
564 1231 659 1313 ἡμῖν).

443 1337 481 1400 V.
501 1338 572 1400 103.
592 1337 618 1398 1.
644 1335 786 1406 δάπανος
810 1335 870 1419 γὰρ
887 1335 995 1419 φύσει]
1020 1335 1161 1405 δάπανος
1178 1372 1219 1379 -
1236 1335 1274 1397 Α.
1291 1335 1324 1398 F.
1363 1332 1421 1410 Qu.
1439 1334 1584 1420 δαπανη-ι

354 1427 411 1510 ρδς
434 1429 501 1508 (aut
524 1425 705 1508 δαπανηρά)
722 1463 778 1487 --.
818 1424 865 1489 So.
891 1426 983 1495 ἐλπίς.
1052 1425 1112 1488 ούκ
1136 1423 1280 1507 ἐλλείπει]
1305 1424 1365 1487 ούκ
1389 1424 1465 1487 ἀλλο
1489 1424 1587 1487 λείπει

355 1521 456 1579 tentat
488 1514 649 1579 Linwood.
688 1515 770 1578 Fort.
804 1515 864 1578 οὐκ
898 1515 1043 1578 ἐπιλείπει
1075 1516 1128 1596 (so.
1162 1513 1266 1592 ἐλπίς).
1306 1511 1348 1576 Cf.
1378 1533 1466 1595 prox.
1496 1532 1585 1596 seqq.

356 1605 483 1668 ἕπειδάν
508 1641 548 1650 -
573 1603 689 1674 αὐτοὺς
712 1605 894 1668 ἐπιλίπωσιν
918 1605 951 1666 αί
973 1603 1108 1686 φανεραὶ
1131 1602 1260 1673 ἐλπίδες.
1290 1602 1345 1664 ubi
1369 1607 1472 1666 tamen
1499 1603 1587 1684 obje-

355 1703 441 1758 ctum
466 1693 602 1758 additur.
669 1693 724 1756 καί
747 1694 780 1757 ἐν
804 1695 868 1775 ὅτῳ
891 1695 933 1756 ἔτι
956 1694 1029 1775 (om.
1050 1692 1096 1771 G.)
1120 1692 1292 1774 φυλάξεταί
1311 1716 1355 1762 τις
1378 1691 1477 1774 αύτῆν
1500 1716 1585 1774 γνώ-

355 1785 525 1866 ρισδεΐσαν,
560 1784 619 1846 οὐκ
653 1783 781 1846 ἐλλείπει
804 1784 861 1862 (so.
886 1783 994 1860 ε’λπίς).
1039 1780 1096 1856 Qu.
1120 1780 1173 1844 καί
1201 1782 1234 1844 ἒν
1258 1781 1326 1862 ὅσῳ
1350 1783 1416 1862 (aut
1438 1782 1470 1852 ἒς
1494 1779 1586 1867 ὅσον)

355 1874 547 1956 φυλάσσετσί
571 1897 615 1942 τις
639 1909 694 1933 -.
734 1871 795 1936 Sed
822 1871 913 1936 locus
941 1871 1106 1935 obscurior
1129 1875 1184 1934 ost.
1258 1873 1286 1932 2.
1310 1871 1453 1941 ἀσδενεῖς
1476 1872 1587 1934 τεκαὶ

356 1963 406 2027 ἐπὶ
430 1964 533 2044 ῥοπῆς
552 1967 627 2044 μιᾶς
643 1964 732 2043 (μιᾶς
749 1980 808 2024 om.
826 1961 882 2041 G.).
916 1960 1092 2044 Cogitabat,
1116 1961 1241 2042 opinor,
1264 1959 1411 2022 librarius
1435 1960 1474 2024 do
1497 1960 1587 2023 locu-

358 2053 444 2114 tione
477 2051 527 2113 ἐπὶ
554 2057 629 2134 μιᾶς
653 2051 795 2132 ἀγκύρας
819 2051 936 2132 ὁρμεῖν.
1006 2050 1055 2112 ε’πὶ
1083 2050 1186 2132 ῥοπῆς
1209 2055 1283 2131 μιᾶς
1307 2048 1408 2133 ὄντες]
1437 2048 1511 2132 Leg.
1535 2051 1588 2112 ἐπὶ

356 2143 460 2223 ῥοπῆς
484 2146 619 2221 σμικρᾶς
643 2141 737 2210 ὄντες.
777 2139 820 2201 Of.
845 2140 938 2221 Soph.
964 2139 998 2202 Ο.
1015 2138 1051 2200 R.
1077 2140 1149 2201 061.
1178 2137 1295 2221 σμικρὰ
1321 2137 1438 2201 παλαιὰ
1462 2140 1586 2221 σώματ’

357 2231 477 2302 εύνάζει
501 2229 594 2311 ῥοπή.
628 2229 702 2291 Eur.
726 2229 821 2311 Hipp.
850 2229 942 2290 1163.
976 2229 1110 2310 δέδορκε
1140 2228 1247 2310 μέντοι
1275 2232 1347 2310 φώς
1375 2228 1425 2290 ἐπὶ
1449 2234 1587 2311 σμικρᾶς

357 2319 468 2400 ῥοπῆς.
492 2318 575 2380 Ρλιιί.
600 2321 710 2381 Αιλιιιι.
734 2319 783 2380 30.
808 2317 847 2400 ῆν
872 2355 912 2364 —-
937 2317 987 2380 ἐπὶ
1010 2319 1113 2400 ῥοπῆς
1135 2323 1251 2399 μικρᾶς
1276 2355 1316 2362 -
1343 2315 1393 2379 διά
1417 2317 1452 2380 τὸ
1476 2324 1586 2400 γῆρας.

357 2407 400 2470 01.
425 2413 532 2471 tamon
555 2406 629 2468 Eur.
653 2406 724 2470 Hel.
744 2408 837 2470 1090.
860 2407 960 2490 μέγας
984 2406 1043 2488 γάρ
1068 2406 1157 2488 ἀγὼν
1180 2407 1233 2469 καί
1256 2407 1365 2487 βλέπω
1390 2407 1449 2470 δύο
1472 2408 1585 2488 ῥοπάς.

451 2495 487 2556 V.
514 2497 585 2558 105.
612 2498 638 2558 1.
662 2496 743 2579 πρὸς
766 2495 801 2559 τὸ
824 2496 924 2580 δεῖον]
948 2496 1029 2578 πρὸς
1051 2503 1107 2559 τοῦ
1130 2496 1221 2558 δείου
1238 2494 1364 2579 Kriigor
1382 2495 1468 2578 prob.
1486 2495 1586 2559 Linw.

358 2586 415 2662 Qu.
440 2586 527 2668 παρὰ
551 2587 618 2666 (aut
641 2585 717 2666 ἀπὸ)
740 2593 796 2648 τοῦ
813 2586 903 2649 θείου
924 2589 991 2668 (aut
1005 2592 1069 2648 τών
1084 2585 1192 2665 θεῶν).
1261 2587 1289 2646 2.
1305 2585 1340 2647 τὸ
1357 2585 1585 2672 ἀπειρόκακον]

358 2675 404 2738 Cf.
428 2674 503 2738 Ειιι.
529 2674 597 2738 Ale.
623 2677 695 2737 026.
721 2701 770 2739 σοι
794 2712 834 2721 -
860 2675 958 2758 ῆλδεν
981 2676 1187 2757 ἀπειροκάκῳ
1210 2674 1277 2737 τόδ’
1301 2675 1404 2756 ἀλγος.

449 2782 511 2858 109
528 2802 573 2864 sq.
597 2782 673 2846 ὥστ’
698 2784 757 2846 οὐκ
785 2782 870 2852 είκδς
902 2784 934 2852 ἐς
966 2782 1062 2865 νῆσόν
1090 2782 1118 2864 γ’
1142 2781 1256 2852 αὐτοὺς
1284 2783 1369 2865 (loge
1392 2784 1431 2845 ἀν
1459 2782 1586 2864 αὐτοὺς)

358 2909 400 2918 -
423 2873 653 2954 περαιωθῆναι.

448 2978 485 3039 V.
512 2979 583 3041 110.
606 2986 661 3061 τῆς
685 2980 873 3060 οἰκειοτέρας
902 2979 1101 3060 ξυμμαχίδος
1123 3003 1155 3041 τε
1178 2978 1231 3042 καί
1255 2979 1327 3062 γῆς]
1355 2985 1409 3061 τῆς
1439 2979 1584 3043 οἰκειοτέ-

357 3091 415 3149 ρας
438 3092 469 3129 τε
492 3067 545 3129 καί
569 3068 768 3149 ξυμμαχίδος
792 3075 849 3150 γῆς
873 3073 973 3130 tentat
995 3066 1155 3130 Liowood.
1196 3068 1255 3144 Qu.
1272 3107 1312 3113 —
1330 3070 1530 3151 ξυμμαχίδος
1553 3095 1587 3133 τε

360 3155 424 3238 [καί
447 3155 516 3239 γῆς]
541 3156 559 3219 ὁ
582 3156 681 3227 πόνος
704 3158 778 3238 ύμῖν
801 3159 892 3220 ἔσται.

447 3262 487 3325 V.
514 3264 585 3325 111.
613 3263 639 3325 l.
671 3265 792 3327 τούτων
824 3264 883 3345 μὲν
916 3264 970 3328 καί
1001 3265 1095 3346 (dist)
1127 3266 1367 3347 πεπειραμένοις
1396 3271 1461 3328 oto..
1510 3267 1586 3332 καὶ

360 3353 420 3415 οὐκ
454 3352 695 3436 ἀνεπιστῆμοσιν
728 3354 773 3416 ὅτι
797 3354 856 3439 -]
890 3353 948 3429 Qll.
982 3355 1041 3418 οὐκ
1070 3355 1311 3436 ἀνεπιστῆμοσιν
1343 3353 1431 3418 οὖσιν
1459 3356 1505 3418 ὅτι
1529 3393 1586 3420 -.

402 3442 577 3528 νομίσαιεν]
611 3443 644 3506 L.
677 3445 845 3527 νομίσειαν.
938 3448 965 3506 3.
998 3444 1125 3514 πολλοῖς
1158 3445 1218 3526 γὰρ
1242 3442 1301 3527 -]
1339 3445 1414 3526 Log.
1447 3444 1586 3516 πολλοὺς

358 3530 419 3613 γὰρ
443 3569 511 3593 -.-
569 3535 596 3594 5.
630 3536 669 3615 ῆν
700 3539 775 3615 μιᾶς
807 3535 878 3616 πέρι
911 3535 996 3615 (μίαν
1027 3535 1115 3614 πάρα
1140 3534 1238 3596 Linw.
1264 3553 1315 3614 qo.
1338 3539 1413 3616 μιᾶς
1446 3536 1508 3608 ἔπι,
1542 3555 1585 3598 se.

359 3621 511 3704 ἀγκύρας)
528 3624 685 3704 τυχοῦσάν
712 3647 744 3686 τε
771 3624 825 3686 καί
852 3622 897 3705 μῆ
922 3624 1176 3705 κατορύώσασαν
1200 3625 1283 3685 ἔσται
1307 3625 1384 3703 (ἴστε
1408 3623 1446 3687 al.
1469 3647 1585 3706 κατορ-

358 3711 532 3773 ύώσουσαν
560 3713 621 3773 ἴστε
643 3711 816 3794 Linwood).
856 3709 914 3785 Qu.
938 3715 977 3794 ἣν
1009 3718 1084 3794 μιᾶς
1115 3713 1187 3794 πέρι
1219 3712 1272 3774 καί
1304 3714 1336 3782 ἐς
1367 3714 1443 3795 μίαν
1465 3713 1587 3796 βουλὴν

358 3798 516 3880 τυχοῦσάν
548 3824 580 3861 τε
612 3800 665 3862 καί
696 3801 741 3882 μὴ
771 3801 1025 3882 κατορύώσασαν
1053 3800 1134 3882 (dolo
1163 3807 1199 3864 ut
1230 3802 1322 3884 gloss.
1356 3802 1395 3864 ad
1427 3809 1587 3886 τυχοῦσαν

288 3879 291 3886 ’
359 3887 565 3970 adscriptum)
589 3888 671 3950 ἔσται
695 3891 789 3969 (ἔσται
812 3891 830 3952 ὁ
854 3890 982 3972 ἀγώνῗ).
1051 3891 1119 3953 Aut
1146 3893 1185 3974 ἣν
1207 3896 1282 3972 μιᾶς
1305 3893 1355 3953 ἔπι
1373 3899 1531 3974 -τυχεῖν
1553 3917 1586 3956 τε

359 3976 413 4040 καί
443 3976 489 4058 μῆ
522 3978 729 4059 κατορθῶσαι
761 3980 800 4041 ἀν
833 3981 902 4042 ἴστε.
969 3984 1044 4061 μιᾶς
1067 3979 1154 4063 πέρι]
1181 3985 1257 4062 μιᾶς
1280 3982 1411 4064 γνώμης
1434 3983 1585 4044 Badham.

361 4069 390 4150 (ῆ
408 4065 610 4149 ἀπολομένην
642 4067 717 4129 ίδεῖν
741 4066 776 4149 o)
808 4068 1064 4150 κατορθώσασαν
1092 4071 1174 4132 ἔσται
1203 4070 1293 4132 idem.
1324 4100 1326 4104 ·
1362 4078 1519 4154 τυχοῦσαν
1543 4109 1586 4117 -

359 4155 455 4240 ἔσται]
484 4157 544 4219 ἴστε
576 4175 633 4239 pro
666 4157 749 4219 ἔσται
772 4157 862 4219 codd.
886 4157 981 4221 Vind.
1010 4163 1041 4221 et
1064 4159 1133 4222 Par.
1157 4159 1243 4242 prob.
1270 4159 1403 4223 Goeller.
1428 4161 1466 4223 ad
1491 4161 1586 4225 Dion.

359 4245 431 4308 Hal.
456 4244 495 4310 do
519 4245 551 4310 G.
575 4245 614 4308 V.
638 4266 666 4329 p.
691 4247 719 4308 8.
749 4269 795 4327 γρ.
824 4247 939 4310 ἵσταται
969 4267 1064 4330 marg.
1094 4248 1131 4310 al.
1161 4248 1228 4312 cod.
1253 4249 1323 4312 Par.
1392 4250 1490 4334 ἔσται]
1524 4252 1586 4314 ἴστε

361 4338 416 4398 aut
439 4336 555 4398 ἵσταται
579 4335 668 4399 codd.
693 4337 791 4399 ἵστατε
814 4335 1007 4399 Donaldson.

453 4425 488 4486 V.
507 4424 578 4488 112.
597 4428 624 4487 2.
650 4424 707 4500 (λιι.
732 4424 796 4488 ἀπὸ
816 4429 881 4488 τῶν
897 4425 1084 4508 ἀνθρώπων
1109 4426 1174 4510 [καὶ
1189 4427 1466 4513 Λακεδαιμονίων]
1487 4453 1584 4512 τιμώ-

360 4514 413 4597 ρίᾳ
435 4514 636 4585 πιστεύοντες.
