3510 5338
340 348 382 412 70
860 363 1047 408 ταοστοιοιε

428 524 499 588 VII.
524 525 574 588 31.
601 525 627 588 1.
652 524 773 587 ὁλκάδα
802 523 968 605 ὁρμοῦσαν
992 559 1034 568 -
1058 521 1163 605 εύρών
1193 523 1264 603 (om.
1288 522 1327 585 A.
1351 521 1389 585 Ι).
1413 521 1448 584 Ε.
1473 521 1506 586 F.
1531 523 1567 587 G.

339 613 437 679 Bekk.
460 613 567 698 male),
590 610 670 696 ἐνῇ
692 617 748 678 ete.
818 613 851 675 ἐν
873 609 954 695 ή-
971 612 1101 693 ἔμελλον
1129 612 1341 693 περαιοῦσθαι
1369 612 1404 692 (λ.
1427 614 1567 693 περαιώ-

339 704 473 782 σεσύαι).
543 705 571 766 3.
604 704 675 766 οὔτε
702 701 893 766 καταλύουσι
919 699 973 764 τδν
1000 701 1142 783 πόλεμον
1165 700 1236 784 (τήν
1259 699 1408 784 φρουρὰν
1435 706 1490 765 aut
1512 701 1569 784 τῆν

340 793 497 876 φυλακήν,
525 798 581 856 aut
603 792 791 875 simplidioer
819 791 1009 854 καταλύουσι
1036 791 1172 873 requirit
1194 790 1343 874 Madvig).
1377 792 1447 854 οὔτε
1469 815 1567 854 κατα-

339 883 478 946 λείπουσι
504 881 559 946 τδν
585 879 738 964 πορύμδν
760 880 911 944 Badham.
978 879 1056 962 μετὰ
1084 879 1140 965 τήν
1168 881 1203 943 ἐκ
1226 886 1281 962 τῆς
1308 879 1500 962 Λακωνικῆς
1524 883 1569 963 (ἐν

338 979 377 1056 τῇ
391 970 606 1054 Λακωνικῆλ]
627 972 759 1052 τείχισιν.
1416 973 1418 979 ’

427 1079 500 1142 VII.
525 1080 576 1140 32.
603 1079 630 1142 1.
653 1076 852 1158 Κεντόριπάς
873 1077 921 1160 τε]
946 1077 1004 1155 Ωιι.
1023 1075 1272 1157 Κεντοριπαίους
1294 1101 1326 1140 τε
1349 1082 1405 1140 aut
1418 1076 1567 1158 Κεντορι-

340 1174 408 1238 πεῖς
430 1192 470 1231 τε.
510 1167 670 1252 Oppidum
687 1165 867 1231 Siculorum
883 1165 1062 1247 Κεντόριπα
1085 1169 1279 1231 memoratur
1301 1166 1356 1230 VI.
1374 1168 1424 1229 94.
1488 1167 1568 1229 Ἄλι-

340 1256 488 1341 κυαίους]
508 1256 694 1326 Ἀλκυαίους
710 1255 745 1318 Β.
766 1255 966 1326 Ἆλικυαίσυς
980 1257 1017 1318 E.
1042 1253 1206 1338 Scriptura
1225 1257 1347 1320 incerta
1362 1260 1416 1318 est
1478 1255 1570 1326 ὅπως

339 1347 384 1428 μῆ
409 1346 622 1429 διαφρήσουσι
652 1343 727 1414 τοὺς
757 1344 945 1429 πολεμίους]
980 1343 1024 1408 Of.
1049 1345 1144 1408 Arist.
1169 1345 1228 1408 Av.
1256 1346 1337 1408 193.
1354 1349 1419 1408 τῶν
1441 1346 1569 1428 μηρίων

340 1435 396 1519 τῆν
418 1441 528 1499 κνῖσαν
552 1433 590 1498 σὺ
615 1434 812 1517 διαφρήσετε.

430 1535 501 1606 VII.
519 1544 570 1605 33.
589 1543 615 1604 1.
640 1541 834 1625 Interpunge
852 1541 911 1605 sic:
937 1542 1051 1612 ἱππέας
1067 1541 1260 1612 διακοσίους·
1285 1540 1400 1623 σχεδὸν
1416 1579 1458 1586 -
1475 1541 1569 1625 ἦσαν·

342 1633 373 1696 οῖ
396 1631 425 1695 δ’
448 1631 535 1695 ἄλλοι
559 1636 616 1695 θύα.
684 1629 895 1714 κατίσχουσιν]
920 1629 965 1694 Of.
991 1632 1040 1694 70.
1064 1631 1246 1712 κατίσχοιεν.
1270 1630 1387 1695 Herod.
1412 1630 1500 1694 VIII.
1518 1633 1570 1695 40.

340 1722 475 1803 κατίσχει
498 1720 553 1791 τὰς
575 1726 661 1803 νῆας.
684 1719 779 1783 Ηοιιι.
797 1718 854 1782 Od.
874 1721 923 1803 ll,
938 1720 1012 1783 455.
1036 1725 1097 1803 νῆα
1113 1721 1339 1802 κατισχέμεναι.
1409 1721 1437 1782 6.
1454 1720 1568 1784 ὑπολέ-

341 1811 461 1894 λειπτο]
485 1810 684 1874 ὑπελέλειπτο
707 1809 853 1892 plerique
877 1809 966 1873 codd.
991 1809 1088 1872 Bekk.
1128 1808 1221 1885 Quod
1243 1809 1471 1893 recipiendum.

367 1911 370 1918 ⁴
430 1918 501 1982 VII.
526 1919 576 1980 34.
602 1920 630 1981 7.
664 1916 810 1999 ἐνόμιζον
842 1916 1002 1999 ήσσᾶσδαι
1031 1917 1076 1979 ὅτι
1100 1917 1138 1979 ού
1163 1916 1202 1997 (εἰ
1221 1915 1266 1999 μῆ
1293 1918 1330 1978 A.
1354 1915 1392 1979 D.
1416 1915 1451 1978 F.
1475 1915 1508 1980 F.
1534 1915 1570 1979 G.

341 2008 449 2071 nescio
473 2025 515 2069 an
541 2007 643 2085 τεοῖο)
675 2004 758 2068 πολὺ
788 2006 945 2068 ἐνικῶντο.
1018 2004 1100 2068 πολὺ
1129 2001 1254 2091 ἐνίκων]
1289 2004 1332 2068 Cf.
1358 2007 1469 2070 Aesch.
1494 2006 1570 2069 Cho.

343 2097 437 2184 1052.
459 2096 505 2178 μῆ
530 2097 636 2179 ῳοβού
660 2099 759 2158 νικῶν
781 2094 872 2158 πολύ.
897 2095 992 2157 Arist.
1016 2094 1099 2157 Nub.
1126 2095 1220 2158 1335.
1245 2095 1323 2159 Aah.
1350 2096 1422 2158 651.

430 2202 502 2266 VII.
527 2203 577 2266 35.
603 2203 631 2264 2.
654 2209 701 2283 τῷ
719 2200 808 2283 Ὑλίᾳ
830 2199 984 2285 ποταμῷ]
1007 2200 1092 2265 Fort.
1115 2208 1162 2284 τῷ
1179 2200 1270 2284 Ὑσίᾳ
1295 2239 1351 2264 -.

430 2290 502 2353 VII.
526 2291 577 2353 36.
601 2294 630 2352 ⁴2.
654 2291 701 2360 ῶς
728 2290 764 2353 έκ
795 2296 850 2372 τῆς
881 2291 1038 2374 προτέρας
1065 2291 1243 2373 ναυμαχίας
1269 2314 1296 2354 τι
1324 2292 1420 2355 πλέον
1448 2291 1569 2355 ἐνεῖδον

342 2378 438 2459 (εἶδον
461 2379 497 2442 Β.
520 2379 590 2443 fort.
614 2379 709 2461 recte)
733 2380 909 2462 σχήσοντες.
978 2379 1128 2465 πρώρας]
1154 2381 1300 2461 πρώιρας
1322 2381 1358 2444 F.
1383 2381 1414 2443 F.
1439 2386 1471 2444 et
1493 2402 1571 2445 mox

341 2471 511 2552 πρώιραις,
540 2469 736 2552 πρώιραδεν,
765 2469 976 2552 ἀντίπρώιροι.
1016 2468 1108 2546 Ωιιοά
1132 2470 1315 2533 notandum.
1386 2470 1491 2533 3.·καί
1513 2470 1571 2553 τῆν

342 2559 375 2622 ἐν
397 2567 445 2642 τῳ
466 2559 597 2641 μεγάλῳ
624 2559 723 2641 λιμένι
750 2560 937 2641 ναυμαχίαν,
971 2559 1031 2623 οάκ
1060 2559 1093 2622 ἐν
1119 2559 1231 2640 πολλῶ
1258 2559 1365 2642 (καλῷ
1387 2558 1493 2623 Herw.
1519 2580 1570 2642 qu.

341 2649 456 2731 στενῷ)
479 2649 611 2736 πολλαῖς
631 2647 739 2712 ναυσὶν
763 2645 871 2721 οὖσαν,
899 2647 981 2732 πρὸς
1009 2650 1131 2712 ἑαυτῶν
1154 2649 1289 2711 ἔσεσθαι.
1359 2650 1388 2712 4.
1412 2650 1569 2731 ἀντίπρω-

342 2761 392 2819 ροι
416 2736 476 2820 γάρ
499 2744 565 2808 ταῖς
596 2738 745 2821 ἐμβολαῖς
771 2737 949 2820 χρώμενοι]
982 2738 1050 2801 Ιιιιο
1079 2737 1289 2820 ἀντιπρώροις
1314 2774 1369 2811 —,
1399 2743 1435 2801 ut
1462 2739 1570 2822 paullo

342 2847 438 2911 supra
466 2826 580 2914 διὰτὸ
607 2827 653 2910 μὴ
683 2826 893 2910 ἀντιπρώροις
916 2864 958 2872 -
981 2833 1047 2896 ταῖς
1070 2827 1220 2909 ἐμβολαῖς
1242 2827 1390 2909 χρῆσθαι.
1415 2832 1446 2890 et
1468 2848 1493 2892 c.
1518 2829 1570 2891 40.

344 2923 410 2987 ταῖς
437 2941 469 2979 τε
501 2915 609 3001 ναυσὶν
641 2914 851 2997 ἀντιπρώροις
876 2916 1045 2998 χρώμενοι.
1112 2915 1148 2979 τὸ
1179 2915 1239 2997 μὲν
1272 2917 1310 2979 οὗ
1337 2916 1451 2979 δώσειν
1475 2916 1570 3000 [διεκ-

340 3005 457 3088 πλεῖν]
480 3004 515 3067 τὸ
541 3003 575 3082 δὲ
597 3003 653 3086 τῆν
677 3004 888 3085 στενοχωρίαν
910 3004 1065 3067 κωλύσειν
1086 3003 1183 3088 [ὥστε
1197 3004 1242 3087 μῆ
1260 3004 1430 3089 περιπλεῖν]
1456 3004 1571 3089 Cobet,

341 3093 461 3175 Herw„
485 3090 554 3157 coll.
574 3093 668 3156 schol.
707 3091 894 3176 Refragatur
915 3091 1076 3157 Linwood.
1146 3095 1303 3177 στερίῳοις
1324 3132 1360 3141 -
1380 3096 1571 3180 παρέχοντες

342 3188 406 3251 τοῖς
438 3181 601 3265 ἐμβόλοις]
637 3181 828 3264 παρέχοντες
859 3183 953 3266 plane
986 3183 1137 3246 vitiosum
1170 3189 1225 3248 est.
1266 3185 1456 3267 προέχοντες
1488 3187 1569 3268 conj.

344 3270 456 3354 Βίων,
484 3270 554 3334 coll.
578 3271 617 3335 II.
644 3271 693 3333 76.
721 3269 757 3334 τδ
784 3273 925 3356 προέχον
951 3278 1006 3354 τῆς
1035 3273 1180 3356 ἐμβολῆς.
1208 3273 1352 3344 παίοντες
1376 3272 1570 3338 Donaldson.

340 3360 401 3438 Ὠιι.
429 3358 688 3448 προσβάλλοντες.
759 3363 786 3424 5.
818 3361 853 3425 τὸ
886 3362 1086 3445 ἀντίπρῳρον
1118 3360 1328 3448 ξυγκροιῖσαι]
1366 3363 1398 3432 ἐς
1424 3362 1460 3425 τὸ
1489 3363 1570 3427 ἀντί-

343 3474 478 3534 πρῳρον
506 3451 693 3534 ξυγκρούσει
721 3452 920 3533 (ξυγκρούσει
953 3452 1054 3531 codd.)
1077 3451 1215 3533 Madvig.
1283 3459 1320 3535 τῆ
1352 3475 1384 3515 τε
1415 3452 1572 3535 πρότερον

343 3540 468 3623 ἀμαδίᾳ
499 3545 564 3604 τῶν
595 3543 800 3624 κυβερνητῶν
833 3540 973 3623 δοκούσῃ
1003 3539 1093 3614 εἶναι,
1125 3539 1160 3603 τὸ
1189 3539 1254 3622 (τὸν
1276 3541 1315 3604 Α.
1338 3540 1372 3605 F.
1396 3545 1429 3605 et
1451 3565 1498 3623 γρ.
1523 3542 1571 3620 Β.)

343 3629 543 3710 ἀντίπρῳρον
571 3633 765 3712 ξυγκροιῖσαι
788 3630 987 3713 (ξυγκρούσει
1011 3635 1067 3693 aut
1089 3629 1278 3712 συγκρούσει
1301 3632 1339 3695 A.
1356 3630 1393 3694 D.
1410 3629 1445 3692 F.
1462 3630 1495 3694 F.
1513 3631 1570 3714 (λ),

342 3715 462 3799 μάλιστ’
496 3720 535 3781 ἂν
567 3718 655 3780 αὐτοὶ
687 3719 876 3800 χρήσασθαι.
916 3719 975 3794 Ωιι.
1002 3727 1048 3800 τῷ
1076 3719 1276 3800 ἀντίπρῳρον
1299 3723 1493 3802 ξυγκροῦσαι
1516 3725 1572 3783 aut

342 3813 379 3888 τῇ
396 3805 586 3888 ἀντιπρώρῳ
610 3807 805 3888 ξυγκρούσει.
844 3805 889 3870 Of.
913 3807 995 3870 infra
1013 3807 1126 3889 τήν-
1144 3807 1343 3890 ἀνάκρουσιν.
1415 3810 1442 3871 7.
1467 3810 1571 3880 ἀλλως

342 3893 374 3958 τε
405 3894 458 3958 καὶ
491 3900 547 3957 τοῦ
578 3892 794 3977 Πλημμυρίου
826 3896 979 3978 πολεμίου
1011 3920 1044 3960 τε
1075 3900 1121 3978 (τε
1144 3897 1333 3981 πολεμίουλ)
1366 3899 1472 3969 αὐτοῖς
1499 3900 1569 3963 ἐσο-

342 3985 442 4066 μένου
466 3988 524 4048 eto.

432 4090 503 4155 VII.
528 4092 579 4154 37.
606 4091 632 4154 1.
655 4091 897 4180 προεξαγαγὼν]
921 4093 1158 4176 προυξαγαγὼν
1175 4095 1290 4158 melius
1306 4096 1344 4158 A.
1406 4097 1435 4156 2.
1452 4097 1472 4178 ή
1490 4119 1569 4178 γυμ-

341 4175 431 4264 Ινήτία
460 4180 589 4260 (melius
617 4179 784 4263 γυμνητεία
812 4181 849 4244 Β.
872 4181 905 4245 F.
934 4185 1090 4265 γυμνιτεία
1114 4181 1151 4246 Ι).
1176 4182 1228 4263 G.)
1255 4188 1320 4247 τῶν
1335 4183 1568 4265 Συρακοσίων.

389 4272 417 4333 3.
434 4270 609 4353 ἀντανῆγον
625 4307 667 4315 -
682 4268 771 4353 ναῦς]
787 4269 857 4332 Ιιιιο
873 4271 1048 4354 ἀντανῆγον
1065 4310 1106 4318 -
1122 4273 1221 4345 ναυσὶ,
1240 4273 1325 4354 quod
1341 4273 1452 4338 suadet
1468 4274 1567 4338 Bekk.

342 4359 391 4423 Of.
416 4361 467 4422 52.
501 4361 531 4423 οῖ
563 4360 592 4423 δ’
610 4360 774 4442 Ἀθηναῖοι
806 4359 980 4443 ἀντανῆγον
1012 4361 1120 4425 ναυσίν
1153 4366 1211 4425 eto.
1255 4362 1323 4425 Nisi
1356 4362 1567 4446 ἀντανήγοντο

344 4449 452 4532 potius
475 4449 659 4532 legendum,
683 4453 718 4512 ut
741 4450 845 4512 estin
868 4450 919 4512 40.
943 4450 1089 4532 ἐσβάντες
1112 4488 1153 4497 -
1178 4451 1396 4534 ἀντανήγοντο.
