3510 5338
350 433 391 495 78
872 447 1059 493 τσσοῑοιοιτε

347 601 464 692 μησιν.Ι
521 609 549 670 3.
572 607 719 677 κάκεῖνος
747 607 806 690 οὐχ
829 609 940 691 ἥκιστα
964 606 1015 670 διδ
1039 612 1131 670 τοῦτο
1155 607 1194 688 (δ.
1210 631 1233 669 τ.
1247 627 1311 694 σοι.
1328 606 1365 669 A.
1382 606 1420 670 D.
1437 607 1472 671 E.
1489 605 1522 670 Ε.
1540 606 1576 670 G.

348 704 446 781 recte,
479 698 607 780 opinor)
639 697 803 767 πιστεύσας
836 696 948 760 ἑαυτὸν
980 702 1038 760 etc.
1085 695 1263 760 Praecessit
1294 697 1380 759 enim
1413 697 1486 760 ἀνθ’
1519 694 1576 761 ὧν.

392 789 422 850 4.
453 787 499 871 μὴ
531 787 672 870 χρήμασι
705 786 744 869 δὴ
778 784 833 869 (δὴ
859 805 919 849 om.
943 787 982 849 A.
1006 784 1044 848 Ι).
1068 785 1103 848 Ε.
1128 785 1160 849 Ε.
1185 785 1221 849 G.
1253 787 1362 849 nescio
1378 825 1381 828 -
1399 804 1440 848 an
1479 786 1576 868 recte)

347 878 456 946 πείσας
478 878 570 945 τινάς.

437 983 508 1046 VII.
526 985 577 1046 87.
594 986 622 1047 2.
647 982 899 1065 ξυννενημένων]
916 981 1157 1064 ξυνενηγμένων
1174 980 1210 1045 G.
1226 1002 1271 1066 pr.
1306 981 1391 1064 Lege
1407 985 1575 1065 ξυννενησ-

347 1073 463 1154 μένων.
503 1071 549 1135 cf.
573 1073 614 1136 ad
636 1073 732 1135 Arist.
755 1070 839 1135 Nub.
866 1071 959 1133 1203.
1031 1071 1085 1133 καὶ
1110 1070 1160 1133 διὰ
1183 1070 1240 1153 τὴν
1261 1071 1441 1153 μεταβολὴν
1464 1071 1519 1134 καί
1540 1071 1576 1134 τὸ

348 1168 491 1224 τοιοῦτον
514 1164 648 1242 (τοιοῦτο
673 1165 711 1223 A.
735 1159 772 1223 D.
797 1159 832 1221 Ε.
855 1161 888 1223 Ε.
913 1159 949 1222 G.
981 1160 1051 1223 fort.
1079 1160 1200 1242 πνῖγος)
1233 1160 1447 1242 ἀπέθνησκον.
1486 1159 1578 1224 Latet

348 1253 455 1315 nescio
479 1252 565 1332 quid.
604 1250 681 1313 Mox
713 1249 1021 1330 καὶ(ύε1.ῖ)ὀσμοὶ
1053 1248 1134 1332 ἦσαν
1158 1255 1214 1312 etc.
1248 1255 1280 1312 et
1301 1269 1358 1332 pro
1383 1250 1467 1330 δίψει
1490 1254 1576 1314 reete

349 1339 426 1422 δίψῃ
450 1339 489 1402 D.
514 1365 517 1368 ·
559 1341 586 1401 3.
610 1338 746 1421 κοτύλην
768 1339 885 1408 ὕδατος
907 1339 960 1401 καὶ
985 1338 1043 1401 δύο
1067 1338 1202 1408 κοτύλας
1225 1339 1413 1421 (χοίνικαςῖ)
1436 1340 1530 1402 σίτου.

845 1531 958 1636 αισα·
990 1572 1077 1635 vm.

438 1732 526 1796 VIII.
546 1733 572 1795 l.
593 1735 618 1795 1.
642 1731 796 1815 πασσυδί]
820 1733 957 1796 πανσυδί
979 1733 1018 1796 Α.
1036 1732 1071 1795 Β.
1088 1731 1120 1795 Ο.
1138 1731 1170 1795 Ε.
1189 1732 1224 1795 G.
1264 1731 1315 1796 Sic
1334 1732 1530 1815 πανσέληνος
1546 1738 1578 1797 et

315 1849 318 1856 ⁴
348 1822 552 1905 πασσέληνος.
576 1823 712 1886 πανσυδί
732 1823 845 1906 probat
861 1821 973 1884 Blomf.
999 1822 1046 1885 GI.
1063 1821 1167 1884 Prom.
1185 1823 1258 1885 216.
1326 1822 1463 1885 πασσυδί
1488 1822 1575 1904 διεφ-

349 1911 474 1994 θάρθαι
497 1912 674 1994 (ἐφθάρθαι
697 1910 753 1994 Ε).
792 1911 910 1974 Natum
935 1912 1067 1974 fortasse
1090 1916 1138 1974 est
1162 1911 1191 1974 δι
1216 1950 1257 1957 -
1282 1931 1323 1977 αττ
1344 1931 1445 1995 praec.
1470 1949 1512 1956 —
1537 1912 1576 1974 δί.

394 2002 568 2083 ὠργίζοντο
603 2001 637 2064 δὲ
669 2001 723 2064 καί
749 2007 813 2070 τοῖς
840 2001 1074 2083 χρησμολόγοις
1098 2039 1138 2046 -
1163 2001 1216 2063 καὶ
1245 2000 1359 2064 ὁπόσοι
1381 2025 1408 2063 τι
1431 2003 1503 2084 (om.
1528 2001 1577 2083 G.)

347 2090 416 2153 τότε
456 2090 572 2160 αὐτοὺς
607 2091 790 2159 θειάσαντες
826 2090 1001 2173 ἀπήλπισαν
1038 2095 1105 2172 (qu.
1139 2090 1278 2163 ἔπεισαν,
1311 2094 1346 2153 ut
1377 2092 1410 2152 in
1447 2090 1484 2153 B.
1521 2096 1577 2154 aut

348 2182 481 2261 ἐπῆραν,
505 2185 560 2242 aut
582 2180 701 2242 ε’λπίσαι
733 2180 886 2260 ἐποίησαν
918 2183 974 2241 aut
1005 2179 1037 2248 ἒς
1068 2179 1124 2260 τὴν
1156 2179 1266 2242 ἐλπίδα
1295 2180 1427 2262 ἤγαγον)
1451 2180 1498 2249 ὡς
1520 2180 1575 2263 λή-

348 2291 464 2350 ψονται
491 2268 645 2331 Σικελίαν.
729 2267 914 2351 ἐπήλπισαν]
949 2267 1145 2331 Μοαάοεαῐα.
1185 2267 1276 2344 Quod
1309 2269 1348 2330 ad
1384 2268 1574 2342 θειάσαντες,

349 2357 387 2420 cf.
411 2356 483 2420 VII.
509 2357 559 2420 50.
582 2357 636 2420 καί
659 2355 787 2437 Νικίας,
819 2356 858 2439 ἦν
886 2358 946 2439 γάρ
978 2380 1005 2419 τι
1033 2357 1087 2420 καῖ
1115 2358 1196 2438 ἄγαν
1222 2358 1372 2440 θειασμῷ
1393 2382 1426 2420 τε
1453 2358 1577 2440 καὶτῷ

347 2447 480 2530 τοιούτῳ
503 2449 745 2529 προσκείμενος,
769 2456 826 2510 ete.
866 2444 909 2508 (λλ.
933 2465 959 2508 ο.
984 2449 1035 2510 54.
1069 2446 1173 2516 δείσας
1209 2447 1276 2532 καὶ,
1299 2449 1366 2529 ἅμα
1400 2448 1576 2521 ἐπελπίζων

347 2537 406 2618 (sic
429 2537 467 2599 A.
492 2535 526 2598 B.
550 2536 586 2599 Ε.
609 2537 642 2601 Ε.
670 2537 806 2610 ἐλπίζων
833 2537 903 2617 cet.)
935 2536 981 2606 ὥς
1013 2537 1067 2599 καὶ
1097 2537 1321 2619 μεταβαλεῖται.
1395 2537 1576 2619 στερόμενοι

348 2627 562 2708 (στερούμενοι
586 2626 624 2688 A.
649 2625 681 2689 F.
706 2646 757 2708 qu.
782 2625 1034 2707 στερισκόμενοι).
1103 2627 1131 2688 2.
1156 2626 1331 2689 ἀνέλπιστοι
1353 2624 1494 2709 ἦσαν-
1510 2650 1574 2689 σω-

347 2715 521 2801 θήσεσθαι]
555 2715 599 2779 Of.
624 2714 678 2777 VI.
704 2718 754 2778 33.
772 2716 800 2777 6.
828 2716 882 2778 καὶ
904 2716 979 2797 ἡμῖν
1002 2715 1062 2778 οὐκ
1086 2715 1268 2778 ἀνέλπιστον
1290 2715 1326 2778 τὸ
1349 2721 1471 2778 τοιοῦτο
1495 2719 1575 2797 ξυμ-

347 2806 450 2887 βῆναι.
474 2812 506 2868 et
529 2805 569 2867 ad
591 2805 646 2868 IV.
672 2805 722 2867 70.
745 2807 773 2866 3.
842 2807 871 2867 4.
895 2805 948 2866 καί
979 2804 1015 2866 τὰ
1048 2809 1112 2867 τῶν
1144 2805 1324 2887 ξυμμάχων
1348 2805 1380 2874 ἒς
1403 2805 1576 2887 ἀσφάλειαν

347 2894 526 2977 ποιεῖσθαι]
563 2893 650 2957 κάπὸ
681 2899 746 2956 τῶν
774 2894 954 2976 ξυμμάχων
986 2894 1159 2975 ἀσφάλειαν
1190 2894 1348 2957 ποιεῖσθαι
1371 2893 1476 2957 Herw.
1517 2892 1575 2969 Qu.

349 3020 389 3028 —
415 2985 448 3046 ἐν
472 2983 626 3066 ἀσφαλείᾳ
648 2983 806 3046 ποιεῖσθαι
830 2986 897 3062 (aut
918 2983 1025 3065 potius
1047 2983 1211 3065 τίθεσθαι).

437 3088 526 3153 VIII.
545 3089 580 3150 '2.
608 3091 634 3151 l.
662 3089 716 3152 καὶ
743 3090 810 3170 ἅμα
840 3088 1043 3172 [ἡγούμενοι]
1075 3089 1200 3172 βραχύν
1227 3090 1355 3154 ἔσεσθαι
1382 3090 1436 3153 τὸν
1464 3089 1575 3154 λοιπὸν

347 3179 489 3261 πόλεμον
513 3177 619 3241 Cobet.
658 3177 704 3242 Of.
732 3180 771 3240 ad
800 3177 855 3241 IV.
882 3179 953 3242 108.
1022 3180 1051 3240 2.
1084 3180 1414 3263 ξυμπροθυμηθέντες
1444 3179 1495 3242 ε’πλ
1522 3181 1575 3262 (ἔτι

349 3267 496 3351 Madvig)
523 3268 627 3331 πλέον.
697 3268 1026 3352 ξυμπροθυμηθέντες
1049 3306 1090 3314 -
1116 3270 1352 3343 ἀπαλλάξεσθαι
1376 3269 1410 3350 (l.
1434 3269 1574 3331 ἀπαλλά-

348 3472 411 3512 νειν
433 3447 470 3510 τά
494 3449 664 3530 πράγματα
692 3447 746 3511 καὶ
772 3447 850 3530 μηδ’
878 3448 1056 3510 ἀπολείπειν
1080 3449 1253 3528 (ὑπολιπεῖν
1276 3451 1314 3511 A.
1338 3448 1373 3510 Ε.
1397 3449 1577 3511 ἀπολιπεῖν

348 3536 381 3601 F.
406 3557 457 3619 qu.
480 3537 526 3620 μὴ
552 3538 662 3600 δοῦναι
685 3538 814 3618 ἐθέλειν)
846 3537 942 3618 λόγον
973 3537 1080 3606 αὐτοῖς
1106 3537 1141 3619 (l.
1165 3539 1284 3610 αὑτοῖς,
1309 3539 1446 3616 ἑαυτοῖς)
1471 3538 1517 3607 ὡς
1539 3537 1575 3600 τά

350 3626 379 3708 γ’
403 3626 493 3689 ε’πιὸν
515 3626 614 3709 θέρος
637 3626 744 3689 οἷοίτ’
769 3628 890 3689 ἔσονται
913 3627 1139 3708 περιγενέσθαι.

438 3713 526 3778 VIII.
544 3718 571 3776 5.
591 3718 617 3776 l.
641 3715 874 3798 Σθενελαΐδου]
898 3715 1096 3779 Σθενελαΐδα
1113 3714 1220 3779 Cobet.
1254 3713 1299 3777 Of.
1316 3735 1432 3779 nomen
1451 3715 1574 3798 Ἐρυξι-

348 3802 458 3872 λαΐδας
480 3803 536 3864 IV.
563 3804 635 3865 119.
727 3807 754 3864 5.
778 3806 798 3886 ἢ
823 3805 925 3877 ζῶντα
949 3805 1034 3877 ἄξειν
1057 3807 1077 3887 ἢ
1102 3804 1282 3867 ἀποκτεῖναι
1310 3806 1513 3887 (ἀποκτείνειν
1536 3805 1575 3869 al.

348 3893 530 3955 ἀποκτενεῖν
553 3897 637 3955 recte
661 3891 766 3956 Cobet.
790 3892 948 3975 Madvig).

437 3998 525 4061 VIII.
551 3999 579 4061 6.
604 4001 633 4061 2.
656 4003 720 4062 τῶν
744 3999 777 4062 ἐν
799 4006 837 4082 τῇ
859 3998 1093 4086 Λακεδαίμονι]
1121 4001 1145 4064 Ι.
1162 4021 1188 4066 ε.
1211 4007 1276 4065 τῶν
1298 4003 1573 4085 πρεσβευομένων.

348 4089 455 4152 αὐτῶν
479 4127 520 4134 -
545 4081 765 4170 οοαμΗαεεε.
804 4089 893 4153 Latet
916 4091 1077 4154 mendum.
1147 4094 1175 4155 3.
1198 4093 1218 4173 ἡ
1243 4093 1325 4155 οἰκία
1349 4092 1467 4176 αὐτῶν]
1491 4092 1536 4155 “Ι.
1548 4112 1574 4156 e.

344 4177 544 4262 Ἀλκιβιάδου
581 4179 634 4242 καὶ
670 4184 726 4241 τοῦ
762 4178 883 4258 πατρὸς
919 4181 1031 4254 αὐτοῦ,
1074 4181 1268 4244 understood
1305 4181 1386 4244 from
1423 4181 1575 4263 πατρικὸς

348 4266 467 4341 ξένος.”
492 4266 623 4350 (λάσια).
662 4265 720 4342 QU.
753 4269 772 4350 ἡ
798 4268 880 4331 οἰκία
909 4270 1007 4333 αὐτοῦ
1030 4271 1097 4352 (aut
1119 4270 1217 4352 αὐτῷ)
1242 4307 1297 4331 -.
1358 4269 1486 4340 Ἔνδιος
1514 4269 1574 4353 γὰρ

344 4357 545 4440 Ἀλκιβιάδου
578 4358 612 4440 (ὁ
631 4357 833 4440 Ἀλκιβιάδου
857 4361 912 4420 aut
930 4359 1142 4442 Ἁλκιβιάδης,
1171 4360 1263 4422 utin
1286 4361 1326 4421 A.
1349 4360 1385 4423 Ε.
1408 4359 1476 4443 ΕΡ)
1499 4361 1573 4423 ε’κα-

346 4446 435 4510 λεῖτο.

438 4535 525 4598 VHI.
550 4538 578 4598 8.
603 4536 631 4597 3.
664 4536 755 4606 ὅπως
786 4536 832 4619 μὴ
862 4573 903 4582 -
932 4535 1014 4620 πρὸς
1045 4536 1099 4607 τὰς
1131 4537 1372 4620 ἀφορμωμένας
1408 4538 1462 4602 τδν
1494 4545 1575 4602 νοῦν
