3576 5340
751 406 938 468 meorumue
1423 380 1456 467 ¹7

230 587 286 645 τοῦ
308 581 522 664 στρατοπέδου
546 586 603 646 οΙο.
680 581 710 644 6.
734 580 801 644 ἐπεὶ
824 580 859 645 δὲ
882 583 902 664 ἡ
926 581 1028 664 τροπλγ
1053 581 1174 664 ἐγένετο
1197 581 1324 665 (ἐγίνετο
1346 579 1380 644 0.
1405 601 1457 665 qu.

232 671 384 753 ἐγίγνετο).
454 669 630 754 ξυνέπεσεν]
656 671 827 744 ξυνέποσον
849 669 885 734 Β.
909 675 942 735 et
965 669 1000 733 G.
1024 691 1069 754 pr.
1107 669 1212 735 Recte.

225 831 227 833 .
319 760 342 824 Ι.
368 761 473 843 502.
501 761 539 825 οδ
567 760 688 842 ῥᾳδίως
719 759 776 842 τὴν
808 760 977 842 διάγνωσιν
1011 760 1177 824 ἐποιοῦντο
1211 759 1329 844 [ὁποῖοι
1361 761 1456 842 ἐκρά-

229 873 304 913 τουν
331 853 351 932 ἢ
380 847 580 934 ἐκρατοῦντο]
614 849 722 916 Cobet.
763 849 859 914 “Non
891 854 958 913 erat
994 850 1080 914 enirn
1108 849 1238 915 difficile
1270 849 1457 934 dignoscere

231 941 286 1022 qui
318 941 483 1005 vincerent
514 944 570 1003 eut
601 939 818 1022 vincerentur,
857 938 912 1002 sed
946 940 992 1020 (ut
1025 943 1095 1003 utor
1125 937 1231 1003 verbis
1262 944 1318 1003 τοῦ
1353 937 1456 1003 δειλοῦ

229 1029 313 1112 apud
335 1025 486 1114 Theophr.
510 1028 601 1093 Char.
626 1029 688 1110 25.)
711 1030 805 1110 ἔργον
832 1027 873 1111 ἦν
896 1028 1068 1111 διαγνῶναι
1091 1028 1237 1111 ὁπότεροι
1260 1025 1320 1092 εἶεν
1344 1029 1375 1092 οἳ
1397 1051 1455 1092 πο-

229 1107 337 1201 λέμιοι.
429 1119 471 1181 3.·
490 1117 784 1202 προσβεβοηθήκει]
818 1117 886 1182 Imo
917 1118 1223 1201 προσεβεβοηθήκει.
1300 1119 1329 1180 4.
1364 1119 1395 1181 oi
1422 1117 1457 1181 δὲ

87 1205 100 1290 J
120 1221 122 1226 '
228 1214 294 1279 ταῖς
315 1207 473 1290 πλωΐμοις
496 1207 560 1291 [καλ
583 1207 654 1272 ὅσαι
669 1206 750 1290 ἦσαν
765 1205 881 1290 λοιπαὶ]
899 1245 941 1254 -
957 1207 988 1270 Τ.
1004 1206 1220 1289 Helbertsme‚
1243 1207 1313 1272 coll.
1328 1207 1353 1269 Ι.
1365 1209 1415 1269 52.
1429 1209 1456 1270 l.

273 1297 453 1381 ἀπέπλεον]
486 1297 694 1362 ἀντεπέπλεον
725 1301 810 1360 reete
834 1295 866 1361 O.
911 1297 956 1360 Of.
986 1297 1026 1360 ad
1051 1297 1092 1360 54
1108 1315 1154 1379 sq.
1246 1297 1275 1360 5.
1307 1296 1456 1380 πρύμναν

15 1397 24 1407 ··
111 1427 113 1431 ,
182 1438 186 1443 .
229 1387 419 1472 ε’κροόοντο]
457 1387 501 1452 Of.
525 1386 582 1450 ΙΙΙ.
608 1388 657 1450 78.
684 1387 875 1470 ὑπεχώρουν
898 1386 961 1470 ἤδη
985 1386 1134 1470 πρύμναν
1156 1385 1357 1470 κρουόμεναι.
1397 1385 1456 1463 Qu.

53 1567 55 1580 Ι
93 1482 96 1488 ’
230 1513 271 1522 -
296 1477 515 1561 ἀνεκρούοντο.
610 1473 784 1561 γεγένηται]
822 1476 983 1559 ἐγεγένητο
1017 1476 1153 1557 requirit
1187 1473 1350 1540 Linwood.
1397 1473 1455 1551 Qu.

229 1565 373 1647 ἐγένετο.

316 1673 341 1735 l.
366 1673 416 1735 51.
442 1674 469 1735 l.
503 1671 591 1735 εἷπον
624 1670 686 1754 [ὅτι
717 1678 789 1754 νῆες
821 1671 936 1734 ἐκεῖναι
958 1670 1154 1755 ἐπιπλέουσι]
1187 1671 1219 1735 Τ.
1242 1669 1454 1736 Helbertsma.

230 1758 408 1826 Dicendum
431 1761 546 1825 fuisset
568 1760 679 1824 saltem
696 1761 734 1841 μί
756 1766 828 1844 νῆες
851 1761 973 1823 ἐκεῖναι.

317 1851 342 1914 Ι.
367 1852 417 1914 52.
443 1852 470 1913 l.
495 1848 702 1934 ἀναγόμενοι]
719 1849 954 1932 ἀναγαγόμενοι
971 1848 1003 1914 O.
1015 1848 1051 1912 G.
1066 1850 1199 1914 fortasse
1214 1853 1308 1914 recte.
1377 1851 1456 1914 αἵτε

224 1939 356 2004 Ἀττικαὶ
379 1947 451 2022 νῆες
474 1939 527 2003 καὶ
551 1940 585 2021 (l.
609 1939 662 2003 καὶ
677 1940 723 2021 αἱ]
747 1944 812 2002 τῶν
830 1937 1039 2022 Κερκυραίων
1055 1943 1111 2004 ete.
1182 1943 1209 2002 2.
1233 1938 1288 2009 τὰς
1302 1938 1362 2021 μέν
1378 1945 1455 2010 ναῦς

228 2029 373 2113 ἄραντες]
403 2028 460 2105 Qu.
488 2034 554 2099 ταῖς
580 2027 640 2112 μὲν
667 2027 758 2092 ναυσὶ
781 2029 924 2110 ἄραντες,
954 2034 1009 2092 ιιιιΙ
1032 2027 1098 2111 [τὰς
1120 2027 1180 2110 μέν
1203 2027 1292 2112 ναῦς]
1316 2029 1455 2112 ἄραντες.

225 2119 430 2203 Respondent
452 2118 502 2182 his
524 2123 580 2182 τοῦ
605 2118 640 2182 δέ
663 2115 773 2183 οἴκαδε
795 2117 877 2181 πλοῦ
901 2122 958 2182 etc.
1026 2117 1126 2181 πολλὰ
1150 2117 1187 2181 τὰ
1206 2116 1329 2201 ἀπορα]
1353 2117 1455 2182 πολλὰ

226 2208 280 2272 καὶ
302 2209 409 2292 ἄπορα
433 2206 543 2272 Elmsl.
567 2227 598 2272 n.
622 2227 679 2272 ms.
749 2210 777 2271 3.
807 2207 997 2272 διεσκόπουν
1020 2207 1084 2291 ὅπῃ
1118 2208 1262 2290 (ὅπωςΡ)
1295 2208 1454 2291 κομισθή-

227 2321 340 2362 οονται.

315 2404 339 2469 Ι.
365 2406 415 2468 53.
442 2406 468 2467 l.
501 2403 673 2488 κηρυκίου]
706 2405 878 2488 κηρυκείου
911 2410 996 2470 recte
1029 2403 1135 2470 Cobet.
1226 2403 1454 2488 προσπέμψαι]
1513 2441 1516 2448 ·

228 2492 310 2576 Lege
342 2495 541 2576 προπέμψαι.
588 2493 634 2558 cf.
667 2492 783 2558 Herod.
811 2493 870 2557 IX.
901 2494 972 2558 100.
1010 2495 1220 2576 προσπέμψαι
1253 2494 1455 2577 (προπέμψαι

227 2587 311 2647 reete
335 2582 379 2662 0.]
402 2589 465 2653 τοῖς
482 2581 670 2664 Ἀθηναίοις.
738 2581 981 2666 έμβιβάσαντας]
998 2583 1223 2666 έσβίβάσαντας
1238 2583 1275 2646 Ε.
1289 2582 1323 2648 F.
1362 2581 1455 2658 Quod

226 2671 477 2754 praeferendum.
545 2673 575 2734 4.
598 2671 780 2753 πέμψαντές
802 2669 849 2756 τε]
874 2669 932 2746 Qu.
948 2672 1130 2754 πέμψαντες
1147 2672 1181 2736 δὲ
1199 2709 1254 2734 -.
1314 2672 1453 2737 πλευσεῖ-

227 2760 302 2846 οθε]
327 2760 379 2826 Sic
402 2761 492 2826 codd.
532 2759 621 2837 Quae
643 2761 746 2824 forma
768 2757 888 2844 ubique
903 2760 1082 2844 Thucydidi
1105 2761 1303 2825 restituenda
1318 2761 1453 2826 videtur.

315 2868 339 2931 Ι.
364 2869 415 2933 54.
439 2871 469 2932 4.
492 2868 546 2932 καὶ
573 2867 681 2950 ἐπειδὴ
710 2866 813 2950 ἦλθον
841 2868 871 2932 ολ
898 2867 1076 2954 Ἀθηναῖοι,
1109 2870 1169 2933 οὐκ
1197 2868 1376 2952 ἀντέπλεον]
1401 2869 1454 2933 καὶ

225 2960 328 3023 ἔπειτα
357 2960 417 3023 οὐκ
446 2957 613 3022 ἀντέπλεον
641 2959 721 3040 conj.
745 2955 912 3041 Linwood‚
942 2957 999 3042 qui
1026 2959 1216 3042 interpolata
1243 2958 1322 3023 hoec
1345 2959 1454 3024 existi-

224 3053 291 3112 met
313 3053 344 3112 et
366 3069 422 3133 per
445 3067 584 3113 errorem
606 3048 740 3131 repetita
763 3065 804 3111 ex
825 3067 927 3131 praec.
951 3048 1005 3112 καὶ
1028 3048 1135 3132 ἐπειδὴ
1155 3047 1319 3131 Ἀθηναῖοι
1342 3045 1453 3132 ἦλθον.

271 3139 331 3201 οὐκ
355 3135 533 3223 ἀντέπλεον]
558 3135 668 3201 Scribe
692 3137 753 3200 οῦκ
777 3137 984 3201 ἀντεπέπλεον
1007 3138 1139 3201 cumO.
1164 3137 1199 3201 G.
1239 3137 1285 3202 Gi.
1264 3137 1350 3201 fad
1375 3139 1425 3202 50

314 3227 338 3289 Ι.
364 3227 414 3289 56.
437 3225 623 3308 Κορινθίων
645 3226 750 3335 (ὄντας
771 3224 958 3309 Κορινθίων
979 3231 1064 3292 reete
1088 3226 1132 3307 0.)
1156 3228 1319 3298 ἀποίκους.

315 3314 339 3377 Ι.
356 3315 453 3378 572.
481 3315 627 3396 Φιλίππῳ
650 3338 695 3396 τιρ
681 3315 824 3378 ἑαυτοῦ
842 3315 949 3395 (αὐτοῦ
956 3316 1138 3398 moderere.
1178 3317 1240 3380 Sed
1256 3317 1289 3381 ef
1295 3316 1319 3380 I
1333 3317 1395 3380 138
1407 3337 1451 3400 sq

271 3405 497 3486 έπρασσεν-
525 3403 616 3473 ὅπως
647 3377 787 3514 πόλεμος
824 3403 1016 3488 γένηται]Ι
1018 3424 1069 3468 mo
1107 3398 1371 3488 γενήσεται.οΙ
1402 3406 1452 3467 56.

225 3499 289 3558 τῶν
313 3493 373 3577 γάρ
396 3492 583 3576 Κορινθίων
605 3491 813 3576 πρασσόντων
837 3493 928 3564 ὅπως
950 3495 1181 3576 τιμωρήσονται
1205 3493 1327 3564 αὐτούς.

314 3601 338 3664 Ι.
363 3602 413 3664 58.
440 3601 466 3664 1
490 3598 569 3664 κατὰ
597 3598 651 3664 τόν
678 3597 791 3682 καιρὸν
817 3600 940 3684 τοῦτον]
967 3599 1116 3664 Haectut
1139 3601 1453 3684 interpretamentum

224 3691 443 3776 praecedentis
466 3689 533 3755 τότε
562 3689 601 3774 δὴ
630 3689 730 3755 deleri
750 3688 842 3772 jubet
830 3688 1068 3754 t.Herwerden
1153 3693 1182 3756 2.
1209 3691 1285 3773 μίαν
1307 3714 1338 3755 τε
1361 3689 1452 3754 πόλιν

224 3782 339 3866 ταύτην
362 3780 494 3865 ἰσχυρὴν
517 3780 720 3863 ποιήσασθαι.

313 3870 337 3933 Ι.
362 3872 413 3935 60.
437 3872 466 3934 2.
490 3871 760 3953 ἀψικνοῦνται-
784 3869 915 3952 ὕστερον
943 3868 994 3932 ε’πλ
1021 3870 1070 3951 (ές
1095 3869 1175 3934 wie
1160 3869 1232 3934 ἓΙπΙ
1218 3870 1247 3951 ί)
1276 3868 1450 3955 Θρᾴκηςὴ

224 3959 379 4023 Ποτίδαια
403 3960 529 4042 ἀπέστη.

242 4093 244 4098 ’
315 4066 338 4129 Ι.
363 4066 413 4129 61.
439 4067 467 4128 3.
490 4066 640 4129 κάκεῖθεν
663 4067 903 4148 ἐπιστρέψαντες
934 4065 988 4130 καλ
1019 4065 1237 4150 πειράσαντες]
1270 4065 1451 4131 Delendum

223 4156 327 4219 forsan
353 4155 413 4218 καί.
453 4154 569 4219 Confer
591 4159 696 4219 temen
712 4153 753 4218 Π.
771 4155 821 4217 91.
845 4155 999 4237 φθάσασα
1022 4156 1076 4220 καί
1098 4155 1340 4238 περιπλεόοασα.
1364 4155 1405 4220 Π.
1421 4157 1450 4219 4.

223 4245 374 4314 λαθόντες
397 4243 450 4307 κοιλ
474 4243 691 4325 διακόψοντες.
764 4244 1014 4330 ἐπιστρέψαντες]
1039 4244 1089 4309 ed
1111 4244 1262 4328 Στρέψαν
1284 4244 1450 4329 Pluygers.

223 4333 444 4444 ριοο.006εΙ.
493 4331 791 4398 undecunde
822 4332 855 4398 F.
885 4333 917 4397 L.
946 4336 1041 4416 527.
1074 4335 1239 4418 εἰληφότος
1277 4333 1311 4398 δὲ
1339 4331 1449 4398 Ἄνθε-

222 4431 344 4507 μοῦντα
368 4423 422 4487 καλ
446 4421 575 4508 Θέρμην
598 4422 652 4486 καὶ
674 4421 825 4506 Στρέψαν
847 4422 901 4487 καΙ
924 4423 989 4487 ἀλλ’
1014 4424 1087 4487 δττα
1111 4423 1222 4548 χωρία
1261 4421 1449 4564 Emendatio

223 4533 298 4578 vero
320 4513 480 4598 palmaria.
