3576 5340
741 402 928 447 rnncrmnns
1430 385 1450 452 9

224 562 411 625 κεκαίνωται
440 581 492 643 qn.
515 563 711 625 κεκαίνισται.
802 563 831 626 4.
859 561 915 644 τήν
937 560 1187 645 Πελοπόννησον
1210 599 1251 610 -
1276 563 1449 648 έξηγεῖσθε]

223 650 269 714 (11.
292 651 347 714 VI.
372 651 423 713 85.
446 649 520 721 τοὺς
543 651 611 715 έκεῖ
630 650 819 734 ξυμμάχους
842 688 885 698 -
909 651 1120 734 ἐξηγούμεθα.

147 739 150 746 ⁴
311 739 335 802 I.
361 742 411 802 72.
438 741 464 801 l.
488 745 552 804 τῶν
577 739 611 804 δὲ
629 739 811 823 Ἀθηναίων
835 742 923 823 ἔτυχε
947 740 1007 823 γάρ
1027 739 1087 824 -]
1115 740 1233 805 Eodem
1257 743 1450 807 constructio

223 834 270 894 est
293 829 401 892 1115.
425 828 514 893 VIII.
531 830 581 892 30.
649 830 830 912 καλ((1ε1.7]
853 830 900 900 ώς
921 831 1063 913 ᾔσθοντο
1086 829 1146 914 -]
1171 829 1217 894 cf.
1241 831 1281 894 ad
1296 831 1385 895 VIII.
1400 833 1450 895 30.

266 917 450 1002 παριτητέα]
476 917 521 983 of.
545 919 641 983 Arist.
667 918 749 982 Nub.
769 920 840 982 131.
865 920 991 1002 ἰτητέον.
1015 924 1047 984 et
1070 918 1128 1003 Eq.
1146 921 1220 982 751.
1243 920 1304 1003 χρὴ
1328 920 1450 1003 παρεῖν’

223 1009 394 1092 (παριένῬ)
418 1009 450 1078 ές
473 1008 529 1091 τήν
552 1008 666 1072 πύκνα.
736 1011 764 1072 2.
793 1008 845 1072 καὶ
874 1009 940 1091 άμα
964 1008 1020 1092 τήν
1043 1010 1198 1092 σφετέραν
1226 1010 1317 1073 πόλιν
1341 1009 1450 1094 [έβού-

222 1097 329 1182 λοντσ]
358 1104 497 1182 σημῆναι
521 1095 627 1162 Cobet.
694 1096 776 1181 πρὸς
798 1098 834 1162 τδ
857 1099 1025 1181 ἡσυχάζειν
1047 1099 1223 1182 τραπέσθαι
1251 1100 1287 1182 [ἢ
1311 1099 1393 1182 πρὸς
1415 1099 1450 1164 τδ

222 1187 382 1271 πολεμεῖν]
407 1185 514 1251 Cobet.
582 1187 636 1250 καλ
664 1187 842 1271 ὑπόμνησιν
869 1188 1064 1271 ποιήσασθαι
1086 1194 1151 1258 τοῖς
1173 1213 1205 1252 τε
1227 1190 1451 1272 πρεσβυτέροις

222 1277 269 1343 ὧν
293 1276 423 1362 ᾔδεσαν]
446 1277 586 1348 καὶτοῖς
608 1301 640 1341 τε
655 1278 878 1361 πρεσβυτέροις
900 1277 1079 1361 ὑπόμνησιν
1094 1278 1290 1361 ποιήσασθαι
1305 1276 1353 1342 ὧν
1376 1279 1450 1362 ᾔδε-

222 1392 281 1432 σαν
304 1367 481 1451 transponit
504 1365 649 1432 Cobetus
718 1367 748 1430 οῖ
772 1367 799 1430 δ’
824 1366 968 1431 ἐκέλευόν
990 1391 1022 1431 τε
1046 1368 1163 1431 ε’πιέναι
1186 1368 1343 1450 (παριέναι
1365 1372 1451 1433 recte

311 1546 334 1609 I.
360 1547 410 1610 73.
434 1547 464 1608 2.
496 1542 544 1609 ὧν
575 1544 670 1609 ἀκοαὶ
701 1544 822 1627 μᾶλλον
857 1543 963 1627 λόγων
994 1545 1152 1628 μάρτυρες
1183 1549 1203 1629 ἢ
1237 1547 1311 1628 ὄψις
1343 1547 1450 1629 (ὄφεις

223 1635 342 1717 Oobet)
363 1640 428 1698 τῶν
451 1635 689 1716 ἀκουσομένων.
714 1634 910 1716 HesychInS‚
932 1633 1058 1716 Ὄφειςτ
1084 1671 1126 1680 -·
1150 1634 1322 1718 ὀφθαλμοί.
1391 1643 1447 1700 τοὺ

225 1725 259 1789 δὲ
287 1724 383 1807 λόγου
410 1723 455 1806 μή
479 1723 597 1794 παντὸς
620 1723 797 1805 (πάντωςῖ)
822 1759 863 1769 -
886 1724 1134 1806 στερίσκωμτθα.
1204 1725 1232 1788 3.
1255 1732 1302 1807 τῷ
1323 1725 1451 1809 πλέονι]

227 1815 311 1898 Lego
334 1819 380 1896 τῷ
404 1813 529 1876 πλείονι.

313 1904 336 1967 Ι.
355 1904 404 1967 74.
423 1904 450 1965 l.
474 1901 679 1986 ἀοκνοτάτην]
704 1901 813 1966 Scribe
836 1902 1049 1986 ἀοκνωτάτην.
1087 1902 1129 1965 nt
1151 1902 1198 1967 sic
1221 1901 1330 1966 Elmsl.
1346 1922 1377 1966 n.
1394 1923 1450 1967 ms.

224 1993 276 2058 Sic
303 1993 508 2075 ἀπονώτερον
536 1992 560 2056 Ι.
586 1993 635 2055 11.
703 1993 905 2075 τετρακοσίας
933 1992 1019 2075 vulg.
1051 1993 1231 2076 τριακοσίας
1263 1997 1327 2057 tres
1360 1993 1450 2056 codd.

222 2083 308 2167 prob.
333 2081 526 2146 Donaldson.
565 2081 603 2145 Id
626 2082 712 2145 enim
734 2083 896 2166 requirere
926 2082 1032 2165 ipsum
1056 2083 1232 2147 sententiae
1255 2086 1451 2163 contextum,

223 2177 318 2256 atque
351 2173 394 2236 ita
427 2172 508 2236 hanc
540 2171 647 2236 locum
683 2171 799 2254 legisse
830 2170 1074 2236 Demosthenem
1107 2190 1137 2254 p.
1167 2172 1245 2252 306,
1270 2171 1320 2234 21.
1397 2171 1451 2235 καὶ

223 2261 318 2326 αὑτὸν
342 2261 441 2343 (αὑτοὶ
465 2262 501 2323 Α.
525 2261 561 2324 Ε.
586 2261 630 2343 F.)
659 2260 709 2324 διά
736 2266 829 2326 τοῦτο
856 2262 946 2343 ὑμεῖς
968 2261 1041 2343 (om.
1065 2264 1103 2324 A.
1127 2259 1163 2322 Ε.
1187 2261 1231 2341 F.)
1255 2260 1294 2343 δή
1318 2261 1450 2342 μάλιστα

224 2353 385 2434 ἐτιμήσατε
416 2351 594 2434 (ἐτιμήσατε
625 2350 757 2432 μάλιστα
791 2350 829 2434 δὴ
855 2349 913 2432 (I).
959 2349 1190 2433 corrigendum
1223 2349 1368 2433 suspicor
1398 2349 1451 2413 καὶ

225 2440 312 2504 αὑτοὶ
345 2439 395 2503 διά
427 2446 519 2503 τοῦτο
550 2439 683 2521 μάλιστα
712 2439 750 2523 δή
775 2441 944 2523 ἐτιμήσατε.
1012 2438 1307 2523 προετιμωρήσατε]
1342 2439 1451 2504 Scribe

224 2529 516 2612 προυτιμωρήσατε.
585 2530 614 2590 4.
636 2528 861 2612 προεχώρησε]
885 2529 954 2593 Imo
977 2530 1199 2611 προυχώρησε.

314 2618 337 2680 Ι.
364 2619 413 2680 75.
440 2618 467 2680 1.
492 2618 660 2690 ξυνέσεως,
684 2622 719 2680 ut
735 2619 866 2701 γνώμης
887 2619 1219 2701 interpretamentum,
1243 2616 1342 2681 deleri
1359 2617 1452 2700 jubet

225 2706 417 2772 Donaldson.
456 2707 645 2790 Synonyma
672 2707 758 2771 enim
791 2706 875 2791 apud
906 2706 1124 2788 Thucydidem
1159 2725 1227 2771 esse
1260 2706 1393 2790 γνώμην
1421 2712 1452 2770 et

224 2798 353 2871 ξύνεσιν.
421 2803 485 2868 τοῖς
501 2796 629 2881 Ἕλλησι
646 2833 686 2843 -
704 2796 890 2880 ἐπιφθόνως
919 2795 1113 2880 διακεῖσθαι]
1142 2795 1197 2860 ‘To
1227 2795 1319 2859 stand
1348 2795 1383 2858 in
1410 2816 1450 2860 an

223 2887 386 2951 invidious
409 2886 544 2952 relation
567 2892 599 2950 to
624 2887 676 2950 the
700 2884 840 2951 Greeks!
879 2884 924 2950 of.
947 2885 1036 2949 VIII.
1054 2885 1105 2950 68.
1128 2883 1281 2956 ὑπόπτως
1302 2893 1350 2970 τῷ
1372 2885 1450 2969 πλή-

224 2977 275 3040 θει
299 2975 349 3040 διά
375 2976 473 3050 δόξαν
497 2977 671 3060 δεινότητος
695 2976 899 3058 διακείμενος.

313 3066 336 3129 I.
355 3067 405 3129 76.
423 3067 450 3128 l.
474 3063 683 3152 ἀπήχθησθε]
700 3066 887 3149 ἀπήχθεσθε
903 3065 936 3130 C.
969 3065 1114 3129 Fortasse
1130 3069 1223 3130 recte.
1285 3067 1314 3128 2.
1330 3064 1451 3149 ἄνιμεν]

225 3155 349 3237 ἀνεῖμεν
372 3153 479 3219 Cobet.
501 3154 539 3218 N.
565 3153 597 3218 L.
621 3176 648 3239 p.
674 3157 746 3218 379.
814 3155 947 3237 μάλιστα
974 3153 1034 3237 μὲν
1060 3153 1125 3219 ὑπὸ
1154 3155 1260 3227 δέους,
1289 3155 1392 3218 ἔπειτα
1418 3155 1451 3218 δὲ

226 3246 297 3325 (om.
322 3243 355 3306 O.
380 3243 427 3323 G.)
449 3243 504 3306 καὶ
526 3249 630 3326 τιμής,
653 3245 783 3325 ὕστερον
807 3243 888 3320 (add.
913 3243 985 3324 δὲῖ)
1007 3243 1061 3306 καλ
1084 3243 1222 3325 ὠφελίας
1245 3243 1451 3326 (ώφελείαςῖ).

272 3334 299 3393 3.
324 3333 360 3394 ὃν
384 3331 500 3413 (λόγον)
523 3331 627 3401 οὑδείς
649 3355 702 3395 πω
725 3331 909 3414 παρατυχόν
925 3332 1133 3414 (παρατυχὼν
1149 3332 1221 3413 (ti)
1237 3333 1322 3414 ἰσχύι·
1334 3357 1360 3394 τι
1376 3334 1450 3416 κτή-

225 3421 343 3484 σασθαι
366 3420 499 3502 προθείς
520 3426 577 3484 τοῦ
600 3420 644 3503 μή
669 3420 704 3502 (f.
720 3425 789 3493 τοὺ,
814 3425 868 3482 aut
882 3419 918 3483 τδ
933 3419 1017 3504 μήθ]
1040 3421 1135 3483 πλέον
1151 3421 1232 3501 ἔχειν
1248 3421 1451 3503 ἀπετράπετο.

271 3511 467 3574 ἐπαινεῖσθαί
494 3534 526 3574 τε
559 3509 647 3592 (bii)
680 3510 761 3583 άξιοι
789 3510 897 3579 οἵτινες
925 3515 982 3574 etc.
1078 3510 1186 3580 οἵτινες
1210 3546 1249 3555 -
1276 3511 1454 3592 γεγένηνται

225 3602 387 3683 (γένωνται
402 3599 435 3664 C.
457 3598 492 3662 G.
516 3600 650 3665 fortasse
673 3599 776 3680 recte).
845 3599 959 3670 ἄλλους
981 3598 1010 3681 γ’
1034 3600 1074 3661 ἂν
1097 3596 1154 3662 οὑν
1178 3599 1206 3680 (f.
1224 3598 1339 3669 ἄλλους
1362 3599 1452 3682 γοῦν]

226 3690 361 3772 οἰόμεθα
389 3688 425 3752 τά
449 3690 584 3773 ἡμέτερα
614 3689 768 3772 λαβόντας
792 3689 889 3762 δεῖξαι
912 3690 951 3752 ἂν
975 3689 1004 3770 (ί.
1029 3687 1099 3768 del.)
1122 3688 1254 3770 μάλιστα
1279 3687 1336 3772 (ὅτι
1359 3689 1452 3771 μάλι-

225 3803 281 3844 στα
306 3779 355 3860 G.)
378 3781 454 3843 εἴτι
475 3779 692 3862 μετριάζομεν.
731 3779 793 3844 Sed
817 3779 853 3843 cf.
872 3779 921 3842 77.
945 3779 1034 3860 ὑμεῖς
1057 3776 1086 3860 γ’
1109 3780 1149 3841 ἂν
1172 3776 1295 3842 σὺν-.

313 3869 337 3933 Ι.
364 3870 413 3931 77.
440 3870 466 3932 1.
490 3872 525 3932 έν
546 3875 613 3939 ταῖς
636 3868 842 3952 ξυμβολαίαις
858 3907 899 3914 -
917 3866 1034 3951 δίκαις]
1063 3868 1097 3931 έν
1123 3873 1189 3938 ταῖς
1212 3868 1453 3951 ξυμβολιμαίαις

227 3997 267 4004 -
293 3958 393 4028 δίκαις
417 3957 555 4022 Cobetus
578 3976 619 4021 ex
642 3956 821 4040 Hesychi0,
845 3957 1085 4041 Ξυμβσλιμαίας
1113 3957 1216 4028 δίκαςτ
1242 3957 1373 4022 Ἄττικσὶ
1399 3956 1454 4029 τάς

225 4046 305 4111 κατὰ
330 4047 507 4129 συμβόλαια
531 4047 687 4129 (σύμβολα
704 4046 831 4128 Cobet).
901 4049 929 4110 2.
953 4048 993 4130 ήν
1015 4071 1101 4110 τι-
1118 4048 1137 4129 ἢ
1154 4047 1266 4129 γνώμη
1284 4049 1303 4129 ή
1322 4047 1453 4129 δυνάμει

224 4143 262 4221 τῇ
292 4135 342 4200 διὰ
369 4135 426 4219 τὴν
453 4135 555 4218 ἀρχὴν
582 4136 635 4199 καὶ
662 4137 742 4218 (1ωο
765 4136 802 4219 ή)
829 4136 981 4201 ὁπωσοῦν
1009 4136 1246 4200 έλασσωθώσιν.
1289 4135 1367 4198 Mox
1395 4156 1452 4218 pro

226 4226 359 4296 πλέονος
382 4224 440 4309 leg.
464 4225 608 4296 πλείονος
632 4245 705 4288 cum
722 4224 758 4288 G.
826 4227 856 4291 4.
876 4226 965 4308 ὑμεῖς
988 4225 1017 4308 γ’
1040 4227 1079 4289 ἀν
1103 4223 1161 4289 οὑν
1177 4223 1237 4307 -]
1262 4223 1306 4289 of.
1325 4225 1374 4289 76.
1398 4225 1452 4288 ἀλ-

225 4317 300 4386 λους
324 4315 352 4398 γ’
375 4317 416 4379 ἀν
440 4313 497 4379 οὑν
514 4315 651 4397 οἰόμεθα
668 4353 709 4361 -—
727 4315 824 4388 δεῖξαι
843 4319 899 4381 etc.
967 4316 1082 4397 ἀμικτα
1099 4313 1160 4397 γάρ
1175 4315 1212 4377 τά
1227 4337 1259 4377 τε
1274 4315 1352 4378 καθ’
1368 4315 1453 4396 ὑμᾶς

225 4404 340 4476 αὑτοὺς
367 4404 487 4487 νόμιμα
515 4410 578 4476 τοῖς
610 4404 715 4475 ἀλλοις
747 4406 843 4488 ἔχετε,
876 4405 929 4470 καῖ
960 4405 1089 4488 προσέτι
1121 4403 1164 4474 εἷς
1196 4403 1326 4475 ἕκαστος
1358 4403 1452 4478 ἐξιὼν

224 4496 345 4566 τούτοις
367 4501 478 4580 χρῆται
506 4493 580 4559 οὔθ’
608 4493 656 4565 οἷς
678 4495 697 4578 ή
722 4494 798 4578 ἄλλη
818 4493 930 4565 Ἑλλάς
957 4495 1084 4578 νομίζει.
1123 4492 1270 4576 Legerim
1292 4531 1333 4538 -
1358 4493 1461 4568 ἐξιὼν·
