3510 5338
304 405 347 468 86
825 423 1010 468 ισσοιοιιιιιε

304 581 475 647 delendum
508 587 615 650 censet
641 581 810 652 ,Linwooe
849 581 907 659 Ωιι.
939 582 1085 664 μείζονος
1108 577 1172 645 ’τοῦ
1206 580 1270 644 ἀπὸ
1294 586 1351 645 ete.
1421 582 1453 652 ἐς
1474 579 1529 652 τὰς

302 670 1103 845 710190λο7110θὲῠῖ1000000000)ῗοτοῖοῬιάῗῶ
1122 759 1174 844 ήν]
1199 759 1244 824 ef.
1263 757 1353 823 Dem.
1369 780 1398 842 p.
1415 760 1488 844 660,
1499 762 1528 823 8.

301 851 390 914 πάντ’
423 850 463 934 ήν
491 851 706 933 Ἀλέξανδρος.
739 872 767 935 p.
792 852 866 934 240,
892 851 941 914 12.
972 849 1103 913 Lucien.
1136 849 1249 912 Abdic.
1274 851 1302 910 2.
1336 848 1443 932 σωτὴρ
1475 849 1528 913 καί

302 940 464 1023 εὐεργέτης
479 940 533 1004 καλ
547 941 649 1004 πάνια
670 941 710 1024 ήν
733 941 805 1023 ἐγώ.
874 942 903 1003 4.
926 939 1071 1021 Εὔβοιάν
1093 963 1125 1003 τε
1147 933 1274 1002 ἅπασαν
1297 939 1529 1021 ἀποστήσαντες

314 1030 410 1094 άπέστ
433 1031 533 1094 σανλ.

302 1030 312 1113 ]
390 1055 478 1183 VIII.
504 1030 554 1183 06.
581 1120 608 1181 l.
637 1119 684 1190 ὡς
710 1118 806 1204 ἦλθε]
835 1119 882 1189 ὡς
911 1117 1050 1201 ἠγγέλθη
1075 1115 1192 1182 Duker.
1216 1116 1323 1180 Herw.
1393 1119 1421 1179 2.
1446 1117 1524 1181 ἀπο-

300 1207 491 1292 λωλέκεσαν]
520 1208 774 1272 ἀπωλωλέκεσαν
801 1213 885 1273 recte
910 1210 947 1270 A.
1022 1208 1050 1268 3.
1079 1209 1098 1290 ή
1127 1206 1337 1289 ἐπολιόρκουν
1364 1207 1527 1292 μένοντες]

301 1300 320 1380 ή
345 1299 374 1360 εἰ
395 1297 604 1380 ἐπολιόρκουν
626 1335 670 1342 -
695 1296 855 1362 Linwood.
879 1318 907 1381 p.
932 1298 983 1360 87.

389 1385 477 1450 VIII.
504 1389 552 1450 97.
581 1389 606 1450 1.
638 1387 780 1470 μηδεμιᾷ
807 1386 907 1471 ἀρχῇ]
939 1386 1098 1469 μηδεμιᾶς
1129 1386 1230 1467 ἀρχῆς
1252 1385 1349 1469 Popp.
1374 1383 1527 1468 Krueger.

301 1475 439 1558 Madvig.
509 1477 538 1538 2.
562 1477 719 1558 ἐγίγνοντο
744 1476 856 1540 δὲκαὶ
882 1476 971 1540 ἄλλοι
998 1475 1129 1557 ὕστερον
1152 1474 1270 1538 πυκναὶ
1292 1474 1398 1557 (πυκνί
1421 1474 1527 1538 Kuhn.

300 1565 334 1628 ἐν
355 1565 451 1641 πυκνὶ
473 1563 593 1647 Ηοειι.,
616 1585 728 1631 vereor
750 1570 786 1630 ut
808 1566 904 1648 reete)
927 1564 1094 1646 ἐκκλησίαι.

388 1653 477 1718 VIII.
495 1655 545 1717 98.
563 1657 591 1716 2.
616 1654 814 1739 διαφθορᾶς]
844 1653 1028 1738 διαφθορὰν
1055 1657 1139 1718 recte
1162 1653 1267 1718 Reisk.
1337 1676 1526 1737 προσπαρα-

299 1742 503 1827 καλέσαντες]
527 1745 796 1827 πρασκαλέσαντες
820 1745 856 1808 G.
880 1745 1011 1808 fortasse
1035 1748 1126 1808 recte.

387 1833 476 1897 VIII.
502 1834 552 1897 99.
579 1835 606 1896 l.
634 1834 688 1898 καλ
715 1835 749 1898 αῖ
777 1834 938 1897 Φοίνισσαι
966 1839 1039 1915 νήες
1067 1833 1142 1896 οὐδὲ
1166 1833 1185 1896 ό
1210 1831 1426 1915 Τισσαφέρνης
1448 1833 1527 1903 τέως

298 1946 363 1986 που
387 1923 416 2003 (ί.
439 1923 519 1993 τέως
541 1946 608 1996 πω,
633 1928 689 1988 aut
711 1924 746 1997 ἐξ
763 1923 973 2004 Ἀσπένδουῖ)
988 1920 1077 2006 ήκον.
1146 1919 1341 2005 ἀπεστάλκει]
1367 1920 1424 1998 Ωιι.
1444 1923 1525 1985 ἒπει-

299 2012 429 2075 στάλκει.
498 2011 607 2096 ἄλλος]
640 2013 745 2084 ἄλλοις
775 2017 861 2076 reete
892 2011 998 2076 Reisk.
1067 2011 1148 2094 ἀνήρ
1171 2011 1372 2094 Σπαρτιάτης
1398 2012 1453 2074 καὶ
1479 2013 1527 2075 ὢν

299 2101 431 2182 (διάγων
454 2121 509 2185 pro
532 2101 586 2165 καί
609 2103 693 2182 err)
722 2102 755 2166 ἐν
782 2101 943 2185 Φασήλιδι.
1013 2101 1041 2162 3.
1068 2101 1100 2171 ές
1123 2099 1219 2164 αὐτὸν
1242 2106 1315 2183 νήες
1338 2101 1525 2164 ἒσέπλευσαν

299 2190 504 2267 (ἐπέπλευσαν
527 2195 611 2256 reete
635 2190 670 2253 B.
695 2189 730 2254 Ε.
755 2190 787 2254 F.
812 2189 868 2270 0.).

388 2279 475 2341 VIII.
501 2280 573 2342 101.
599 2280 627 2341 1.
665 2278 753 2343 δυσὶν
789 2276 937 2361 ἡμέραις]
978 2278 1067 2342 δυοῖν
1103 2279 1237 2362 ἡμέραιν
1271 2285 1355 2362 reete
1389 2278 1524 2343 Lebeek.

299 2365 511 2431 scribendum
544 2368 633 2431 δυοῖν
664 2369 806 2452 ἡμέραιν.
851 2368 900 2432 ef.
920 2367 974 2430 VI.
999 2369 1050 2431 34.
1084 2369 1173 2432 δυοῖν
1204 2374 1326 2451 μηνοῖν.
1412 2371 1440 2432 2.
1473 2368 1526 2434 καλ

298 2455 443 2539 Λάρισαν
465 2456 520 2521 καλ
538 2457 715 2543 Ἁμαξιτὸν]
739 2457 793 2522 καλ
812 2457 977 2540 Ἁμαξιτὸν
1000 2457 1053 2522 καὶ
1072 2457 1217 2541 Λάρισαν
1239 2456 1361 2541 Herw.,
1385 2459 1527 2523 locorum

298 2545 362 2612 situ
407 2547 572 2612 estulente.

384 2567 475 2703 VIII.
495 2638 612 2701 1022.
636 2639 869 2721 προειρημένης
891 2638 1038 2721 φυλακῆς
1060 2645 1107 2720 τῷ
1125 2637 1220 2721 φιλίῳ
1244 2636 1382 2722 ἐπίπλῳ]
1408 2634 1466 2712 Ωιι.
1484 2674 1525 2684 -

251 2803 256 2811 η
297 2731 353 2789 τοῦ
386 2728 460 2790 εἴσω
494 2727 619 2790 έσπλου.
659 2726 703 2791 Of.
728 2746 753 2790 e.
781 2728 851 2798 104.
881 2727 1059 2809 ἀποκλῇσαι
1086 2733 1142 2790 τοῦ
1171 2728 1235 2800 ἔξω
1259 2726 1374 2797 αὐτοὺς
1397 2727 1525 2791 ἔκπλου.

341 2813 542 2902 ποιούμενοι]
566 2817 770 2898 ποιουμένων
793 2816 912 2880 Duker.
935 2817 1130 2898 ποιουμένου
1155 2815 1231 2880 Βοιι.
1257 2815 1390 2880 Goeller.
1413 2840 1524 2880 ποιου-

296 2905 396 2985 μένας
418 2906 532 2969 Blemf.
556 2906 680 2989 (probat
695 2905 867 2986 Linwood).
900 2905 1037 2969 Frustra.
1072 2905 1302 2988 Corrigendum
1321 2906 1448 2970 videtur
1470 2906 1526 2989 τήν

298 2992 406 3066 δίωξιν
430 2994 528 3065 εὐδὺς
550 2994 737 3076 ποιούμενοι
760 2996 799 3058 οὐ
822 2995 984 3077 φθάνουσι
1007 2995 1112 3064 πάσας
1135 2994 1385 3078 (καταλαβόντες)
1410 3034 1465 3057 -.

388 3082 474 3145 VIII.
501 3084 572 3146 104.
600 3085 626 3144 1.
650 3083 834 3164 παρέτειναν
857 3082 892 3146 τὸ
915 3083 1029 3167 κέρας]
1054 3083 1098 3147 ef.
1122 3084 1239 3148 Herod.

386 3169 473 3234 VIII.
500 3172 570 3234 105.
596 3173 624 3234 2.
649 3169 699 3234 διὰ
728 3171 784 3254 τήν
812 3173 914 3255 ἄκραν
941 3172 977 3236 τὸ
1000 3172 1108 3244 Κυνὸς
1131 3173 1234 3258 σήμα]
1265 3174 1314 3240 Ne
1341 3176 1525 3257 Interpreta-

297 3264 439 3371 pentum
462 3260 498 3324 τὸ
521 3260 629 3332 Κυνὸς
652 3267 738 3344 σῆμα
756 3280 824 3328 esse
841 3266 945 3346 puteS,
971 3263 1009 3326 cf.
1028 3263 1100 3338 106,
1117 3264 1145 3325 3.
1162 3269 1194 3327 et
1211 3263 1280 3326 VII.
1298 3265 1326 3326 3.
1349 3264 1406 3346 τήν
1421 3265 1525 3347 ἄκραν

296 3349 996 3521 IIIIII‘IIIIIIZII...,⁶‘?...².3'
1015 3352 1523 3506 εῗέαῖλσαίῖέενόίίίῖῖῖλ

385 3529 472 3592 VIII.
486 3529 557 3593 106.
569 3532 596 3592 3.
621 3530 672 3593 ἐπὶ
690 3537 728 3613 τῇ
744 3531 828 3614 ἄκρᾳ
844 3528 883 3593 οὗ
898 3530 933 3594 τὸ
953 3530 1057 3601 Κυνὸς
1077 3537 1164 3613 σήμα
1188 3531 1258 3611 (del.
1283 3528 1322 3595 οὗ
1339 3569 1380 3578 -
1398 3532 1523 3615 σήμαλ).

339 3615 542 3701 Πελληνέων]
581 3618 825 3702 Corrigendum,
861 3621 895 3682 ni
934 3620 1037 3703 fallor,
1075 3619 1289 3703 Πελληναίων.
1332 3621 1375 3686 ef.
1409 3623 1523 3687 Aesch.

295 3725 321 3769 ο.
346 3706 426 3770 CteS.
454 3708 525 3770 165.
548 3708 630 3790 πλήν
653 3707 860 3790 Πελληναίων
883 3708 1085 3791 (Πελληνέων
1109 3709 1236 3792 Cobet).

385 3795 609 3859 01111071.
632 3797 709 3859 καθ’
729 3796 900 3880 Ἁρπάγιον
927 3797 980 3861 καί
1003 3796 1164 3884 Πρίαπον]
1193 3797 1272 3861 κατὰ
1299 3799 1447 3882 Πρίαπον
1470 3799 1524 3864 καὶ

291 3884 465 3966 Ἁρπάγιον
489 3885 578 3947 malit
601 3884 707 3948 HerW.
747 3886 791 3950 Cf.
815 3887 855 3952 ad
879 3906 904 3949 e.
931 3887 993 3949 101
1011 3887 1031 3949 f.

385 3973 471 4037 VIII.
499 3974 570 4037 108.
596 3973 623 4035 1.
643 3973 903 4060 Ἃλικαρνασέας]
923 3976 1185 4058 Ἂλικαρνασσέας
1204 3983 1290 4043 reete
1306 3979 1344 4040 A.
1408 3979 1521 4062 Ἀτρα-

293 4062 431 4145 μόιτιον]
452 4062 698 4144 Ἀδραμόττειον
721 4068 806 4128 recte
831 4066 867 4128 A.
887 4066 1117 4149 Ἀδραμύττιον
1141 4067 1175 4130 Ε.
1200 4069 1232 4132 F.

383 4151 472 4217 VIII.
499 4153 570 4216 109.
595 4155 624 4215 2.
656 4153 850 4235 πορεύεσθαι
884 4156 1030 4219 διενοεῖτο
1063 4155 1146 4239 πρὸς
1169 4156 1296 4231 αὐτοὺς,
1326 4158 1417 4229 ὅπως
1438 4158 1520 4240 μέμ-

260 4260 262 4264 ’
294 4265 391 4324 φηται
418 4243 591 4324 (μέμφεται
615 4241 733 4325 cobet.)
758 4279 798 4288 —
822 4244 877 4307 καὶ
903 4244 958 4315 τὰς
987 4244 1084 4328 (πρὸς
1106 4245 1161 4315 τὰς
1183 4246 1237 4327 id.)
1266 4247 1417 4329 διαβολὰς
1440 4248 1521 4310 ἀπο-

293 4330 462 4412 λογήσηται
490 4331 734 4414 (ἀπολογήσεται
766 4332 808 4394 id.
833 4332 1020 4397 ἀπολύσεται
1052 4334 1135 4396 idem
1169 4336 1294 4418 serius).
1333 4336 1455 4400 Vereor
1487 4341 1523 4400 ut

292 4424 385 4483 reete.
425 4419 482 4497 Ωιι.
507 4457 550 4466 -
574 4421 664 4491 ὅπως
695 4421 859 4505 μέμφηται
890 4459 930 4469 -
959 4423 1012 4487 καὶ
1043 4423 1098 4493 τὰς
1131 4424 1281 4506 διαβολάς
1318 4425 1521 4507 ἀπολόσηται.

294 4506 337 4586 Cf.
364 4508 400 4571 V.
413 4510 468 4571 75.
497 4507 550 4573 καὶ
581 4510 637 4593 τήν
665 4511 763 4574 αἰτίαν
791 4511 994 4577 ἀπελόσαντο.
1020 4511 1107 4576 VIII.
1131 4513 1181 4576 87.
1210 4513 1406 4596 βουλόμενος
1439 4515 1519 4578 dno·

671 4864 814 4937 r-
