<?xml version="1.0" encoding="UTF-8"?>
<!DOCTYPE html PUBLIC "-//W3C//DTD XHTML 1.0 Transitional//EN"
    "http://www.w3.org/TR/xhtml1/DTD/xhtml1-transitional.dtd">
<html xmlns="http://www.w3.org/1999/xhtml" xml:lang="en" lang="en">
 <head>
  <title>
</title>
<meta http-equiv="Content-Type" content="text/html;charset=utf-8" />
  <meta name='ocr-system' content='tesseract 3.04.00' />
  <meta name='ocr-capabilities' content='ocr_page ocr_carea ocr_par ocr_line ocrx_word'/>
</head>
<body>
  <div class='ocr_page' id='page_1' title='image "./adversariainthu00blaygoog_0030.png"; bbox 0 0 3576 5340; ppageno 0'>
   <div class='ocr_carea' id='block_1_1' title="bbox 676 386 1379 452">
    <p class='ocr_par' dir='ltr' id='par_1_1' title="bbox 676 386 1379 452">
     <span class='ocr_line' id='line_1_1' title="bbox 676 386 1379 452; baseline -0.006 -2"><span class='ocrx_word' id='word_1_1' title='bbox 676 405 864 452; x_wconf 76' lang='lat' dir='ltr'>irrueremus</span> <span class='ocrx_word' id='word_1_2' title='bbox 1341 386 1379 446; x_wconf 87' lang='lat'><em>21</em></span> 
     </span>
    </p>
   </div>
   <div class='ocr_carea' id='block_1_2' title="bbox 150 564 1385 1188">
    <p class='ocr_par' dir='ltr' id='par_1_2' title="bbox 150 564 1385 1188">
     <span class='ocr_line' id='line_1_2' title="bbox 150 564 1385 652; baseline -0.006 -19"><span class='ocrx_word' id='word_1_3' title='bbox 150 569 348 652; x_wconf 82' lang='grc' dir='ltr'><em>βιαζομένου</em></span> <span class='ocrx_word' id='word_1_4' title='bbox 382 565 442 650; x_wconf 81' lang='grc' dir='ltr'><em>γὰρ</em></span> <span class='ocrx_word' id='word_1_5' title='bbox 474 571 530 629; x_wconf 84' lang='grc' dir='ltr'><em>τοῦ</em></span> <span class='ocrx_word' id='word_1_6' title='bbox 563 571 666 631; x_wconf 86' lang='grc' dir='ltr'><em>κακοῦ</em></span> <span class='ocrx_word' id='word_1_7' title='bbox 699 567 734 647; x_wconf 85' lang='lat' dir='ltr'><em>(f.</em></span> <span class='ocrx_word' id='word_1_8' title='bbox 757 565 1021 649; x_wconf 85' lang='grc' dir='ltr'><em>ύπερβιαζομένοι</em></span> <span class='ocrx_word' id='word_1_9' title='bbox 1055 564 1115 647; x_wconf 82' lang='grc' dir='ltr'><em>γὰρ</em></span> <span class='ocrx_word' id='word_1_10' title='bbox 1147 572 1193 648; x_wconf 79' lang='grc' dir='ltr'><em>τῷ</em></span> <span class='ocrx_word' id='word_1_11' title='bbox 1220 564 1326 646; x_wconf 77' lang='grc' dir='ltr'><em>κακῷ)</em></span> <span class='ocrx_word' id='word_1_12' title='bbox 1354 565 1385 627; x_wconf 90' lang='grc' dir='ltr'><em>σί</em></span> 
     </span>
     <span class='ocr_line' id='line_1_3' title="bbox 151 652 1383 741; baseline -0.006 -18"><span class='ocrx_word' id='word_1_13' title='bbox 151 658 324 741; x_wconf 83' lang='grc' dir='ltr'><em>ἅνθρωποι</em></span> <span class='ocrx_word' id='word_1_14' title='bbox 347 657 408 721; x_wconf 85' lang='grc' dir='ltr'><em>οὐκ</em></span> <span class='ocrx_word' id='word_1_15' title='bbox 436 657 559 738; x_wconf 82' lang='grc' dir='ltr'><em>ἔχοντες</em></span> <span class='ocrx_word' id='word_1_16' title='bbox 581 655 602 719; x_wconf 88' lang='grc' dir='ltr'><em>ό</em></span> <span class='ocrx_word' id='word_1_17' title='bbox 622 680 649 719; x_wconf 92' lang='grc' dir='ltr'><em>τι</em></span> <span class='ocrx_word' id='word_1_18' title='bbox 677 656 827 738; x_wconf 77' lang='grc' dir='ltr'><em>γένωνται</em></span> <span class='ocrx_word' id='word_1_19' title='bbox 855 656 1007 737; x_wconf 80' lang='grc' dir='ltr'><em>(γένοιντο</em></span> <span class='ocrx_word' id='word_1_20' title='bbox 1031 656 1069 719; x_wconf 86' lang='grc' dir='ltr'><strong>Α.</strong></span> <span class='ocrx_word' id='word_1_21' title='bbox 1093 654 1128 717; x_wconf 91' lang='grc' dir='ltr'><em>Β.</em></span> <span class='ocrx_word' id='word_1_22' title='bbox 1159 653 1245 738; x_wconf 85' lang='lat' dir='ltr'><strong>prob.</strong></span> <span class='ocrx_word' id='word_1_23' title='bbox 1269 652 1383 717; x_wconf 84' lang='lat' dir='ltr'>Blomf.</span> 
     </span>
     <span class='ocr_line' id='line_1_4' title="bbox 151 743 1382 831; baseline -0.005 -20"><span class='ocrx_word' id='word_1_24' title='bbox 151 749 298 831; x_wconf 86' lang='grc' dir='ltr'><em>γένηνται</em></span> <span class='ocrx_word' id='word_1_25' title='bbox 320 745 368 827; x_wconf 79' lang='grc' dir='ltr'><strong>Ε.)</strong></span> <span class='ocrx_word' id='word_1_26' title='bbox 396 749 454 810; x_wconf 80' lang='lat' dir='ltr'>etc.</span> <span class='ocrx_word' id='word_1_27' title='bbox 484 744 596 810; x_wconf 80' lang='lat' dir='ltr'>Aesoh.</span> <span class='ocrx_word' id='word_1_28' title='bbox 620 745 725 810; x_wconf 91' lang='lat' dir='ltr'>Prom.</span> <span class='ocrx_word' id='word_1_29' title='bbox 743 745 816 808; x_wconf 89' lang='grc'><strong>940.</strong></span> <span class='ocrx_word' id='word_1_30' title='bbox 845 743 915 808; x_wconf 85' lang='grc' dir='ltr'><em>ούδ’</em></span> <span class='ocrx_word' id='word_1_31' title='bbox 944 745 1009 827; x_wconf 88' lang='grc' dir='ltr'><em>ἐχω</em></span> <span class='ocrx_word' id='word_1_32' title='bbox 1033 743 1076 815; x_wconf 89' lang='grc' dir='ltr'><em>τίς</em></span> <span class='ocrx_word' id='word_1_33' title='bbox 1099 743 1133 826; x_wconf 91' lang='lat' dir='ltr'><em>(l.</em></span> <span class='ocrx_word' id='word_1_34' title='bbox 1156 743 1198 824; x_wconf 84' lang='grc' dir='ltr'><em>τί)</em></span> <span class='ocrx_word' id='word_1_35' title='bbox 1221 744 1261 806; x_wconf 86' lang='grc' dir='ltr'><em>ἀν</em></span> <span class='ocrx_word' id='word_1_36' title='bbox 1284 743 1382 824; x_wconf 90' lang='grc' dir='ltr'><em>γενοί-</em></span> 
     </span>
     <span class='ocr_line' id='line_1_5' title="bbox 150 833 1382 920; baseline -0.005 -20"><span class='ocrx_word' id='word_1_37' title='bbox 150 859 227 920; x_wconf 92' lang='grc' dir='ltr'><em>μαν.</em></span> <span class='ocrx_word' id='word_1_38' title='bbox 267 835 312 900; x_wconf 83' lang='grc'><em>01.</em></span> <span class='ocrx_word' id='word_1_39' title='bbox 345 833 438 919; x_wconf 84' lang='lat' dir='ltr'>Soph.</span> <span class='ocrx_word' id='word_1_40' title='bbox 461 833 570 898; x_wconf 81' lang='lat' dir='ltr'>Traoh.</span> <span class='ocrx_word' id='word_1_41' title='bbox 596 835 668 898; x_wconf 86' lang='grc'><strong>901.</strong></span> <span class='ocrx_word' id='word_1_42' title='bbox 703 835 741 898; x_wconf 85' lang='grc' dir='ltr'><em>ού</em></span> <span class='ocrx_word' id='word_1_43' title='bbox 775 833 836 917; x_wconf 88' lang='grc' dir='ltr'><em>γὰρ</em></span> <span class='ocrx_word' id='word_1_44' title='bbox 868 834 933 917; x_wconf 81' lang='grc' dir='ltr'><em>ἔχω</em></span> <span class='ocrx_word' id='word_1_45' title='bbox 966 838 1037 904; x_wconf 86' lang='grc' dir='ltr'><em>πῶς</em></span> <span class='ocrx_word' id='word_1_46' title='bbox 1070 834 1109 896; x_wconf 87' lang='grc' dir='ltr'><em>ἂν</em></span> <span class='ocrx_word' id='word_1_47' title='bbox 1137 833 1297 915; x_wconf 86' lang='grc' dir='ltr'><em>στέρξαιμι</em></span> <span class='ocrx_word' id='word_1_48' title='bbox 1324 855 1382 894; x_wconf 89' lang='grc' dir='ltr'><em>κα-</em></span> 
     </span>
     <span class='ocr_line' id='line_1_6' title="bbox 151 921 1384 1006; baseline -0.005 -16"><span class='ocrx_word' id='word_1_49' title='bbox 151 925 309 990; x_wconf 65' lang='lat' dir='ltr'><em>noveritis</em></span> <span class='ocrx_word' id='word_1_50' title='bbox 335 925 485 989; x_wconf 80' lang='grc' dir='ltr'><em>λεύσσων.</em></span> <span class='ocrx_word' id='word_1_51' title='bbox 517 923 645 988; x_wconf 87' lang='lat' dir='ltr'>Theocr.</span> <span class='ocrx_word' id='word_1_52' title='bbox 668 923 742 988; x_wconf 87' lang='lat' dir='ltr'><em>XV.</em></span> <span class='ocrx_word' id='word_1_53' title='bbox 767 924 817 986; x_wconf 90' lang='lat'><em>51.</em></span> <span class='ocrx_word' id='word_1_54' title='bbox 846 923 954 987; x_wconf 85' lang='grc' dir='ltr'><em>ἁδίστα</em></span> <span class='ocrx_word' id='word_1_55' title='bbox 978 921 1111 1006; x_wconf 80' lang='grc' dir='ltr'><em>Γοργοῖ,</em></span> <span class='ocrx_word' id='word_1_56' title='bbox 1143 923 1172 985; x_wconf 90' lang='grc' dir='ltr'><em>τί</em></span> <span class='ocrx_word' id='word_1_57' title='bbox 1197 921 1384 1004; x_wconf 66' lang='grc' dir='ltr'><em>γενώμεθα·</em></span> 
     </span>
     <span class='ocr_line' id='line_1_7' title="bbox 152 1011 1384 1098; baseline -0.006 -18"><span class='ocrx_word' id='word_1_58' title='bbox 152 1014 289 1098; x_wconf 82' lang='lat' dir='ltr'>Sannyr.</span> <span class='ocrx_word' id='word_1_59' title='bbox 318 1013 359 1078; x_wconf 94' lang='grc' dir='ltr'><em>Π.</em></span> <span class='ocrx_word' id='word_1_60' title='bbox 384 1015 457 1078; x_wconf 93' lang='grc'><strong>874.</strong></span> <span class='ocrx_word' id='word_1_61' title='bbox 494 1014 523 1078; x_wconf 90' lang='grc' dir='ltr'><em>τί</em></span> <span class='ocrx_word' id='word_1_62' title='bbox 553 1011 611 1077; x_wconf 79' lang='grc' dir='ltr'><em>οὖν</em></span> <span class='ocrx_word' id='word_1_63' title='bbox 647 1013 816 1096; x_wconf 86' lang='grc' dir='ltr'><em>γενόμενος</em></span> <span class='ocrx_word' id='word_1_64' title='bbox 849 1014 891 1083; x_wconf 89' lang='grc' dir='ltr'><em>εἰς</em></span> <span class='ocrx_word' id='word_1_65' title='bbox 924 1011 1007 1096; x_wconf 78' lang='grc' dir='ltr'><em>όπίγν</em></span> <span class='ocrx_word' id='word_1_66' title='bbox 1043 1011 1231 1094; x_wconf 86' lang='grc' dir='ltr'><em>ἐνδύσομαι,·</em></span> <span class='ocrx_word' id='word_1_67' title='bbox 1299 1012 1328 1073; x_wconf 85' lang='grc'><strong>3.</strong></span> <span class='ocrx_word' id='word_1_68' title='bbox 1352 1011 1384 1080; x_wconf 83' lang='grc' dir='ltr'><em>ἐς</em></span> 
     </span>
     <span class='ocr_line' id='line_1_8' title="bbox 151 1099 1202 1188; baseline -0.006 -19"><span class='ocrx_word' id='word_1_69' title='bbox 151 1104 380 1188; x_wconf 81' lang='grc' dir='ltr'><em>ἀναισχύντους</em></span> <span class='ocrx_word' id='word_1_70' title='bbox 402 1104 512 1186; x_wconf 86' lang='grc' dir='ltr'><em>τέχνας</em></span> <span class='ocrx_word' id='word_1_71' title='bbox 535 1104 602 1187; x_wconf 90' lang='lat' dir='ltr'>(pro</span> <span class='ocrx_word' id='word_1_72' title='bbox 626 1103 742 1186; x_wconf 82' lang='grc' dir='ltr'><em>θήκας)</em></span> <span class='ocrx_word' id='word_1_73' title='bbox 766 1101 937 1186; x_wconf 77' lang='grc' dir='ltr'><em>ἐτράποντο</em></span> <span class='ocrx_word' id='word_1_74' title='bbox 961 1103 1040 1185; x_wconf 89' lang='lat' dir='ltr'>conj.</span> <span class='ocrx_word' id='word_1_75' title='bbox 1065 1099 1202 1184; x_wconf 80' lang='lat' dir='ltr'><strong>Madvig.</strong></span> 
     </span>
    </p>
   </div>
   <div class='ocr_carea' id='block_1_3' title="bbox 152 1207 1384 2011">
    <p class='ocr_par' dir='ltr' id='par_1_3' title="bbox 152 1207 1384 1741">
     <span class='ocr_line' id='line_1_9' title="bbox 243 1207 1384 1294; baseline -0.004 -19"><span class='ocrx_word' id='word_1_76' title='bbox 243 1212 284 1276; x_wconf 90' lang='lat' dir='ltr'><em>H.</em></span> <span class='ocrx_word' id='word_1_77' title='bbox 309 1212 360 1275; x_wconf 86' lang='lat'><em>53.</em></span> <span class='ocrx_word' id='word_1_78' title='bbox 386 1212 414 1274; x_wconf 93' lang='grc'><strong>1.</strong></span> <span class='ocrx_word' id='word_1_79' title='bbox 438 1210 635 1294; x_wconf 82' lang='grc' dir='ltr'><em>ἐπαυρέσιες]</em></span> <span class='ocrx_word' id='word_1_80' title='bbox 664 1208 707 1275; x_wconf 84' lang='lat' dir='ltr'><em>of.</em></span> <span class='ocrx_word' id='word_1_81' title='bbox 731 1210 848 1274; x_wconf 80' lang='lat' dir='ltr'>Herod.</span> <span class='ocrx_word' id='word_1_82' title='bbox 872 1208 944 1273; x_wconf 86' lang='lat' dir='ltr'>Vll.</span> <span class='ocrx_word' id='word_1_83' title='bbox 972 1210 1042 1271; x_wconf 91' lang='grc'><strong>158.</strong></span> <span class='ocrx_word' id='word_1_84' title='bbox 1068 1210 1096 1272; x_wconf 88' lang='grc'><strong>2.</strong></span> <span class='ocrx_word' id='word_1_85' title='bbox 1120 1208 1253 1291; x_wconf 79' lang='grc' dir='ltr'><em>ὠφελίαι</em></span> <span class='ocrx_word' id='word_1_86' title='bbox 1275 1231 1307 1271; x_wconf 90' lang='grc' dir='ltr'><em>τε</em></span> <span class='ocrx_word' id='word_1_87' title='bbox 1330 1207 1384 1270; x_wconf 83' lang='grc' dir='ltr'><em>καλ</em></span> 
     </span>
     <span class='ocr_line' id='line_1_10' title="bbox 153 1295 1384 1384; baseline -0.005 -18"><span class='ocrx_word' id='word_1_88' title='bbox 153 1303 338 1384; x_wconf 68' lang='grc' dir='ltr'><em>ἐπαυρέσιες</em></span> <span class='ocrx_word' id='word_1_89' title='bbox 362 1299 515 1383; x_wconf 89' lang='grc' dir='ltr'><em>γεγόνασι.</em></span> <span class='ocrx_word' id='word_1_90' title='bbox 584 1300 652 1364; x_wconf 87' lang='grc' dir='ltr'><em>ὅτι</em></span> <span class='ocrx_word' id='word_1_91' title='bbox 681 1299 716 1364; x_wconf 85' lang='grc' dir='ltr'><em>δὲ</em></span> <span class='ocrx_word' id='word_1_92' title='bbox 743 1300 805 1383; x_wconf 84' lang='grc' dir='ltr'><em>ἥδη</em></span> <span class='ocrx_word' id='word_1_93' title='bbox 835 1323 866 1362; x_wconf 91' lang='grc' dir='ltr'><em>τε</em></span> <span class='ocrx_word' id='word_1_94' title='bbox 894 1298 955 1382; x_wconf 82' lang='grc' dir='ltr'><em>ἡδὺ</em></span> <span class='ocrx_word' id='word_1_95' title='bbox 983 1298 1037 1362; x_wconf 82' lang='grc' dir='ltr'><em>καί</em></span> <span class='ocrx_word' id='word_1_96' title='bbox 1063 1296 1266 1380; x_wconf 74' lang='grc' dir='ltr'><em>πανταχόθεν</em></span> <span class='ocrx_word' id='word_1_97' title='bbox 1292 1295 1328 1359; x_wconf 88' lang='grc' dir='ltr'><em>τδ</em></span> <span class='ocrx_word' id='word_1_98' title='bbox 1352 1296 1384 1367; x_wconf 86' lang='grc' dir='ltr'><em>ἐς</em></span> 
     </span>
     <span class='ocr_line' id='line_1_11' title="bbox 153 1384 1383 1474; baseline -0.005 -19"><span class='ocrx_word' id='word_1_99' title='bbox 153 1390 232 1455; x_wconf 85' lang='grc' dir='ltr'><em>αιἰτδ</em></span> <span class='ocrx_word' id='word_1_100' title='bbox 259 1390 443 1474; x_wconf 90' lang='grc' dir='ltr'><em>κερδαλέον]</em></span> <span class='ocrx_word' id='word_1_101' title='bbox 477 1387 535 1464; x_wconf 81' lang='lat' dir='ltr'><em>Qu.</em></span> <span class='ocrx_word' id='word_1_102' title='bbox 564 1389 633 1453; x_wconf 87' lang='grc' dir='ltr'><em>ὅτι</em></span> <span class='ocrx_word' id='word_1_103' title='bbox 657 1388 691 1453; x_wconf 86' lang='grc' dir='ltr'><em>δέ</em></span> <span class='ocrx_word' id='word_1_104' title='bbox 723 1389 785 1472; x_wconf 84' lang='grc' dir='ltr'><em>ἥδη</em></span> <span class='ocrx_word' id='word_1_105' title='bbox 818 1411 849 1452; x_wconf 90' lang='grc' dir='ltr'><em>τε</em></span> <span class='ocrx_word' id='word_1_106' title='bbox 883 1387 944 1470; x_wconf 82' lang='grc' dir='ltr'><em>ἡδὺ</em></span> <span class='ocrx_word' id='word_1_107' title='bbox 977 1387 1031 1451; x_wconf 88' lang='grc' dir='ltr'><em>καί</em></span> <span class='ocrx_word' id='word_1_108' title='bbox 1063 1386 1265 1469; x_wconf 74' lang='grc' dir='ltr'><em>πανταχόθεν</em></span> <span class='ocrx_word' id='word_1_109' title='bbox 1293 1386 1325 1457; x_wconf 88' lang='grc' dir='ltr'><em>ἐς</em></span> <span class='ocrx_word' id='word_1_110' title='bbox 1347 1384 1383 1449; x_wconf 88' lang='grc' dir='ltr'><em>τό</em></span> 
     </span>
     <span class='ocr_line' id='line_1_12' title="bbox 152 1474 1382 1563; baseline -0.005 -19"><span class='ocrx_word' id='word_1_111' title='bbox 152 1480 265 1544; x_wconf 79' lang='grc' dir='ltr'><em>αὐτίκα</em></span> <span class='ocrx_word' id='word_1_112' title='bbox 289 1481 356 1563; x_wconf 86' lang='lat' dir='ltr'>(aut</span> <span class='ocrx_word' id='word_1_113' title='bbox 377 1479 413 1544; x_wconf 90' lang='grc' dir='ltr'><em>τδ</em></span> <span class='ocrx_word' id='word_1_114' title='bbox 436 1479 626 1562; x_wconf 87' lang='grc' dir='ltr'><em>παραυτίκα)</em></span> <span class='ocrx_word' id='word_1_115' title='bbox 649 1478 830 1561; x_wconf 89' lang='grc' dir='ltr'><em>κερδαλέον.</em></span> <span class='ocrx_word' id='word_1_116' title='bbox 869 1476 915 1541; x_wconf 83' lang='grc'><em>01.</em></span> <span class='ocrx_word' id='word_1_117' title='bbox 932 1477 956 1542; x_wconf 89' lang='lat' dir='ltr'><em>I.</em></span> <span class='ocrx_word' id='word_1_118' title='bbox 973 1479 1024 1540; x_wconf 94' lang='grc'><strong>27.</strong></span> <span class='ocrx_word' id='word_1_119' title='bbox 1048 1478 1076 1540; x_wconf 87' lang='grc' dir='ltr'><em>εἰ</em></span> <span class='ocrx_word' id='word_1_120' title='bbox 1098 1476 1134 1540; x_wconf 90' lang='grc' dir='ltr'><em>δέ</em></span> <span class='ocrx_word' id='word_1_121' title='bbox 1147 1500 1191 1546; x_wconf 89' lang='grc' dir='ltr'><em>τις</em></span> <span class='ocrx_word' id='word_1_122' title='bbox 1206 1474 1242 1539; x_wconf 86' lang='grc' dir='ltr'><em>τό</em></span> <span class='ocrx_word' id='word_1_123' title='bbox 1256 1498 1382 1559; x_wconf 87' lang='grc' dir='ltr'><em>παραυ-</em></span> 
     </span>
     <span class='ocr_line' id='line_1_13' title="bbox 152 1565 1382 1652; baseline -0.002 -20"><span class='ocrx_word' id='word_1_124' title='bbox 152 1571 223 1633; x_wconf 87' lang='grc' dir='ltr'><em>τίκα</em></span> <span class='ocrx_word' id='word_1_125' title='bbox 247 1569 307 1651; x_wconf 83' lang='grc' dir='ltr'><em>μὲν</em></span> <span class='ocrx_word' id='word_1_126' title='bbox 328 1568 374 1652; x_wconf 80' lang='grc' dir='ltr'><em>μὴ</em></span> <span class='ocrx_word' id='word_1_127' title='bbox 399 1568 504 1632; x_wconf 87' lang='grc' dir='ltr'><em>ἐθέλοι</em></span> <span class='ocrx_word' id='word_1_128' title='bbox 527 1568 762 1650; x_wconf 57' lang='grc' dir='ltr'><em>ξυμπλεῖνςείο.</em></span> <span class='ocrx_word' id='word_1_129' title='bbox 831 1569 860 1630; x_wconf 90' lang='grc'><em>2.</em></span> <span class='ocrx_word' id='word_1_130' title='bbox 883 1565 918 1630; x_wconf 91' lang='grc' dir='ltr'><em>τδ</em></span> <span class='ocrx_word' id='word_1_131' title='bbox 940 1565 1000 1648; x_wconf 79' lang='grc' dir='ltr'><em>μὲν</em></span> <span class='ocrx_word' id='word_1_132' title='bbox 1023 1565 1317 1649; x_wconf 86' lang='grc' dir='ltr'><em>προσταλαιπωρεῖν</em></span> <span class='ocrx_word' id='word_1_133' title='bbox 1340 1601 1382 1612; x_wconf 91' lang='lat'>-</span> 
     </span>
     <span class='ocr_line' id='line_1_14' title="bbox 155 1653 1383 1741; baseline -0.003 -19"><span class='ocrx_word' id='word_1_134' title='bbox 155 1658 262 1729; x_wconf 84' lang='grc' dir='ltr'><em>ούδείς</em></span> <span class='ocrx_word' id='word_1_135' title='bbox 284 1657 457 1741; x_wconf 87' lang='grc' dir='ltr'><em>πρόθυμος</em></span> <span class='ocrx_word' id='word_1_136' title='bbox 479 1656 530 1741; x_wconf 79' lang='grc' dir='ltr'><em>ἦν]</em></span> <span class='ocrx_word' id='word_1_137' title='bbox 555 1656 600 1720; x_wconf 80' lang='lat' dir='ltr'><em>Of.</em></span> <span class='ocrx_word' id='word_1_138' title='bbox 624 1655 717 1740; x_wconf 84' lang='lat' dir='ltr'>Soph.</span> <span class='ocrx_word' id='word_1_139' title='bbox 741 1655 788 1719; x_wconf 76' lang='lat' dir='ltr'><em>El.</em></span> <span class='ocrx_word' id='word_1_140' title='bbox 815 1657 909 1720; x_wconf 93' lang='grc'><strong>1078.</strong></span> <span class='ocrx_word' id='word_1_141' title='bbox 937 1654 972 1718; x_wconf 94' lang='grc' dir='ltr'><em>τό</em></span> <span class='ocrx_word' id='word_1_142' title='bbox 995 1679 1027 1718; x_wconf 90' lang='grc' dir='ltr'><em>τε</em></span> <span class='ocrx_word' id='word_1_143' title='bbox 1048 1654 1094 1738; x_wconf 87' lang='grc' dir='ltr'><em>μὴ</em></span> <span class='ocrx_word' id='word_1_144' title='bbox 1118 1654 1243 1739; x_wconf 79' lang='grc' dir='ltr'><em>βλέπειν</em></span> <span class='ocrx_word' id='word_1_145' title='bbox 1265 1653 1383 1736; x_wconf 72' lang='grc' dir='ltr'><em>ε’τοίμα.</em></span> 
     </span>
    </p>

    <p class='ocr_par' dir='ltr' id='par_1_4' title="bbox 153 1741 1383 2011">
     <span class='ocr_line' id='line_1_15' title="bbox 201 1741 1383 1830; baseline -0.004 -20"><span class='ocrx_word' id='word_1_146' title='bbox 201 1749 229 1812; x_wconf 88' lang='grc'><strong>3.</strong></span> <span class='ocrx_word' id='word_1_147' title='bbox 253 1749 342 1812; x_wconf 84' lang='grc' dir='ltr'><em>θεῶν</em></span> <span class='ocrx_word' id='word_1_148' title='bbox 370 1747 405 1816; x_wconf 86' lang='grc' dir='ltr'><em>δὲ</em></span> <span class='ocrx_word' id='word_1_149' title='bbox 433 1747 537 1830; x_wconf 80' lang='grc' dir='ltr'><em>φόβος</em></span> <span class='ocrx_word' id='word_1_150' title='bbox 561 1744 619 1830; x_wconf 90' lang='grc'><em>-]</em></span> <span class='ocrx_word' id='word_1_151' title='bbox 652 1745 773 1810; x_wconf 81' lang='lat' dir='ltr'>Eadem</span> <span class='ocrx_word' id='word_1_152' title='bbox 807 1745 1000 1808; x_wconf 82' lang='lat' dir='ltr'><strong>constructio</strong></span> <span class='ocrx_word' id='word_1_153' title='bbox 1033 1748 1080 1808; x_wconf 86' lang='lat' dir='ltr'><em>est</em></span> <span class='ocrx_word' id='word_1_154' title='bbox 1102 1743 1158 1807; x_wconf 89' lang='lat' dir='ltr'><em>IV.</em></span> <span class='ocrx_word' id='word_1_155' title='bbox 1183 1744 1234 1806; x_wconf 86' lang='lat'><em>23.</em></span> <span class='ocrx_word' id='word_1_156' title='bbox 1267 1741 1383 1807; x_wconf 80' lang='grc' dir='ltr'><em>καὶτὸ</em></span> 
     </span>
     <span class='ocr_line' id='line_1_16' title="bbox 153 1831 1382 1920; baseline -0.006 -19"><span class='ocrx_word' id='word_1_157' title='bbox 153 1837 227 1920; x_wconf 77' lang='grc' dir='ltr'><em>περὶ</em></span> <span class='ocrx_word' id='word_1_158' title='bbox 249 1835 360 1900; x_wconf 83' lang='grc' dir='ltr'><em>Πύλον</em></span> <span class='ocrx_word' id='word_1_159' title='bbox 376 1872 419 1883; x_wconf 86' lang='grc'>-</span> <span class='ocrx_word' id='word_1_160' title='bbox 435 1835 630 1918; x_wconf 79' lang='grc' dir='ltr'><em>ἐπολεμεῖτο,</em></span> <span class='ocrx_word' id='word_1_161' title='bbox 649 1836 814 1918; x_wconf 79' lang='grc' dir='ltr'><em>Ἀθηναῖοι</em></span> <span class='ocrx_word' id='word_1_162' title='bbox 833 1833 893 1916; x_wconf 85' lang='grc' dir='ltr'><em>μέν</em></span> <span class='ocrx_word' id='word_1_163' title='bbox 910 1871 966 1906; x_wconf 86' lang='lat'><em>—-,</em></span> <span class='ocrx_word' id='word_1_164' title='bbox 989 1831 1242 1916; x_wconf 85' lang='grc' dir='ltr'><em>Πελοποννήσιοι</em></span> <span class='ocrx_word' id='word_1_165' title='bbox 1266 1831 1301 1897; x_wconf 90' lang='grc' dir='ltr'><em>δέ</em></span> <span class='ocrx_word' id='word_1_166' title='bbox 1325 1835 1382 1897; x_wconf 77' lang='lat' dir='ltr'><em>ot.</em></span> 
     </span>
     <span class='ocr_line' id='line_1_17' title="bbox 198 1922 1186 2011; baseline -0.006 -21"><span class='ocrx_word' id='word_1_167' title='bbox 198 1925 289 2011; x_wconf 82' lang='grc' dir='ltr'><em>βιοὺς</em></span> <span class='ocrx_word' id='word_1_168' title='bbox 311 1928 350 1990; x_wconf 85' lang='grc' dir='ltr'><em>ἂν</em></span> <span class='ocrx_word' id='word_1_169' title='bbox 372 1925 429 2009; x_wconf 83' lang='grc' dir='ltr'><em>τὴν</em></span> <span class='ocrx_word' id='word_1_170' title='bbox 451 1928 523 2005; x_wconf 88' lang='lat' dir='ltr'>(om.</span> <span class='ocrx_word' id='word_1_171' title='bbox 549 1924 585 1989; x_wconf 82' lang='grc'><em>0.</em></span> <span class='ocrx_word' id='word_1_172' title='bbox 607 1925 679 1990; x_wconf 83' lang='lat' dir='ltr'>fort.</span> <span class='ocrx_word' id='word_1_173' title='bbox 703 1924 799 2005; x_wconf 85' lang='lat' dir='ltr'>recte)</span> <span class='ocrx_word' id='word_1_174' title='bbox 822 1924 976 2006; x_wconf 85' lang='grc' dir='ltr'><em>τιμωρίαν</em></span> <span class='ocrx_word' id='word_1_175' title='bbox 999 1922 1186 1986; x_wconf 83' lang='grc' dir='ltr'><em>ἀντιδοῦναι.</em></span> 
     </span>
    </p>
   </div>
   <div class='ocr_carea' id='block_1_4' title="bbox 137 2027 1384 3758">
    <p class='ocr_par' dir='ltr' id='par_1_5' title="bbox 152 2027 1383 2206">
     <span class='ocr_line' id='line_1_18' title="bbox 242 2027 1383 2115; baseline -0.004 -18"><span class='ocrx_word' id='word_1_176' title='bbox 242 2033 283 2097; x_wconf 92' lang='grc' dir='ltr'><em>Π.</em></span> <span class='ocrx_word' id='word_1_177' title='bbox 309 2034 359 2097; x_wconf 91' lang='grc'><em>54.</em></span> <span class='ocrx_word' id='word_1_178' title='bbox 384 2034 412 2096; x_wconf 93' lang='grc'><strong>2.</strong></span> <span class='ocrx_word' id='word_1_179' title='bbox 446 2033 566 2115; x_wconf 89' lang='grc' dir='ltr'><em>ἐγένετο</em></span> <span class='ocrx_word' id='word_1_180' title='bbox 597 2031 658 2114; x_wconf 85' lang='grc' dir='ltr'><em>μέν</em></span> <span class='ocrx_word' id='word_1_181' title='bbox 690 2029 747 2096; x_wconf 82' lang='grc' dir='ltr'><em>οὗν</em></span> <span class='ocrx_word' id='word_1_182' title='bbox 779 2033 843 2115; x_wconf 88' lang='grc' dir='ltr'><em>ἔρις</em></span> <span class='ocrx_word' id='word_1_183' title='bbox 874 2035 938 2100; x_wconf 90' lang='grc' dir='ltr'><em>τοῖς</em></span> <span class='ocrx_word' id='word_1_184' title='bbox 970 2029 1158 2113; x_wconf 84' lang='grc' dir='ltr'><em>ἀνθρώποις</em></span> <span class='ocrx_word' id='word_1_185' title='bbox 1182 2027 1241 2113; x_wconf 45' lang='grc' dir='ltr'><em>ἡ]</em></span> <span class='ocrx_word' id='word_1_186' title='bbox 1274 2027 1383 2093; x_wconf 83' lang='lat' dir='ltr'>Malim</span> 
     </span>
     <span class='ocr_line' id='line_1_19' title="bbox 152 2117 1311 2206; baseline -0.005 -19"><span class='ocrx_word' id='word_1_187' title='bbox 152 2124 315 2206; x_wconf 77' lang='grc' dir='ltr'><em>ἐγεγένητο</em></span> <span class='ocrx_word' id='word_1_188' title='bbox 340 2159 394 2186; x_wconf 91' lang='lat'><em>-.</em></span> <span class='ocrx_word' id='word_1_189' title='bbox 464 2124 493 2186; x_wconf 93' lang='grc'><strong>4.</strong></span> <span class='ocrx_word' id='word_1_190' title='bbox 517 2121 538 2184; x_wconf 88' lang='grc' dir='ltr'>ὅ</span> <span class='ocrx_word' id='word_1_191' title='bbox 558 2146 586 2185; x_wconf 89' lang='grc' dir='ltr'><em>τι</em></span> <span class='ocrx_word' id='word_1_192' title='bbox 608 2121 697 2195; x_wconf 82' lang='grc' dir='ltr'><em>ἀξιον</em></span> <span class='ocrx_word' id='word_1_193' title='bbox 720 2121 774 2184; x_wconf 87' lang='grc' dir='ltr'><em>καί</em></span> <span class='ocrx_word' id='word_1_194' title='bbox 797 2119 861 2201; x_wconf 84' lang='grc' dir='ltr'><em>(καὶ</em></span> <span class='ocrx_word' id='word_1_195' title='bbox 884 2120 973 2194; x_wconf 83' lang='grc' dir='ltr'><em>ἀξιον</em></span> <span class='ocrx_word' id='word_1_196' title='bbox 996 2119 1112 2183; x_wconf 87' lang='lat' dir='ltr'>melius</span> <span class='ocrx_word' id='word_1_197' title='bbox 1136 2117 1184 2199; x_wconf 80' lang='lat' dir='ltr'><em>G.)</em></span> <span class='ocrx_word' id='word_1_198' title='bbox 1208 2119 1311 2182; x_wconf 89' lang='grc' dir='ltr'><em>εἰπεῖν.</em></span> 
     </span>
    </p>

    <p class='ocr_par' dir='ltr' id='par_1_6' title="bbox 149 2206 1384 2562">
     <span class='ocr_line' id='line_1_20' title="bbox 242 2206 1383 2294; baseline -0.007 -16"><span class='ocrx_word' id='word_1_199' title='bbox 242 2213 282 2278; x_wconf 93' lang='grc' dir='ltr'><em>Π.</em></span> <span class='ocrx_word' id='word_1_200' title='bbox 308 2214 359 2275; x_wconf 89' lang='grc'><em>55.</em></span> <span class='ocrx_word' id='word_1_201' title='bbox 382 2210 546 2294; x_wconf 91' lang='grc' dir='ltr'><em>Λαυρίσυ]</em></span> <span class='ocrx_word' id='word_1_202' title='bbox 569 2210 731 2294; x_wconf 89' lang='grc' dir='ltr'><em>Λαυρείου</em></span> <span class='ocrx_word' id='word_1_203' title='bbox 755 2215 840 2276; x_wconf 83' lang='lat' dir='ltr'>recte</span> <span class='ocrx_word' id='word_1_204' title='bbox 864 2213 902 2273; x_wconf 90' lang='lat' dir='ltr'><em>A.</em></span> <span class='ocrx_word' id='word_1_205' title='bbox 918 2208 954 2271; x_wconf 92' lang='grc' dir='ltr'><strong>Β.</strong></span> <span class='ocrx_word' id='word_1_206' title='bbox 1021 2206 1148 2292; x_wconf 88' lang='grc' dir='ltr'><em>ταύτην]</em></span> <span class='ocrx_word' id='word_1_207' title='bbox 1171 2209 1286 2290; x_wconf 86' lang='grc' dir='ltr'><em>ταύτης</em></span> <span class='ocrx_word' id='word_1_208' title='bbox 1309 2225 1383 2271; x_wconf 88' lang='lat' dir='ltr'>oon·</span> 
     </span>
     <span class='ocr_line' id='line_1_21' title="bbox 149 2295 1384 2384; baseline -0.002 -19"><span class='ocrx_word' id='word_1_209' title='bbox 149 2303 222 2384; x_wconf 83' lang='lat' dir='ltr'>jicit</span> <span class='ocrx_word' id='word_1_210' title='bbox 248 2300 409 2365; x_wconf 84' lang='lat' dir='ltr'>Linwood.</span> <span class='ocrx_word' id='word_1_211' title='bbox 477 2300 549 2382; x_wconf 86' lang='grc' dir='ltr'><em>περὶ</em></span> <span class='ocrx_word' id='word_1_212' title='bbox 574 2300 634 2383; x_wconf 85' lang='grc' dir='ltr'><em>μὲν</em></span> <span class='ocrx_word' id='word_1_213' title='bbox 662 2306 718 2365; x_wconf 84' lang='grc' dir='ltr'><em>τοῦ</em></span> <span class='ocrx_word' id='word_1_214' title='bbox 740 2299 785 2383; x_wconf 84' lang='grc' dir='ltr'><em>μὴ</em></span> <span class='ocrx_word' id='word_1_215' title='bbox 811 2299 963 2372; x_wconf 76' lang='grc' dir='ltr'><em>ἐπεξιέναι</em></span> <span class='ocrx_word' id='word_1_216' title='bbox 987 2297 1076 2381; x_wconf 82' lang='grc' dir='ltr'><em>[τοὺς</em></span> <span class='ocrx_word' id='word_1_217' title='bbox 1094 2295 1299 2383; x_wconf 76' lang='grc' dir='ltr'><em>Ἀθηναίους]</em></span> <span class='ocrx_word' id='word_1_218' title='bbox 1328 2297 1384 2381; x_wconf 85' lang='grc' dir='ltr'><em>τὴν</em></span> 
     </span>
     <span class='ocr_line' id='line_1_22' title="bbox 152 2386 1383 2474; baseline -0.003 -20"><span class='ocrx_word' id='word_1_219' title='bbox 152 2391 252 2474; x_wconf 81' lang='grc' dir='ltr'><em>αὐτὴν</em></span> <span class='ocrx_word' id='word_1_220' title='bbox 279 2393 412 2473; x_wconf 85' lang='grc' dir='ltr'><em>γνώμην</em></span> <span class='ocrx_word' id='word_1_221' title='bbox 435 2389 515 2472; x_wconf 81' lang='grc' dir='ltr'><em>εἶχεν</em></span> <span class='ocrx_word' id='word_1_222' title='bbox 538 2388 645 2454; x_wconf 82' lang='lat' dir='ltr'>Cobet.</span> <span class='ocrx_word' id='word_1_223' title='bbox 684 2388 845 2453; x_wconf 86' lang='lat' dir='ltr'>“Pericles</span> <span class='ocrx_word' id='word_1_224' title='bbox 867 2389 935 2472; x_wconf 87' lang='lat' dir='ltr'>ipse</span> <span class='ocrx_word' id='word_1_225' title='bbox 959 2386 1131 2471; x_wconf 83' lang='grc' dir='ltr'><em>στρατηγὸς</em></span> <span class='ocrx_word' id='word_1_226' title='bbox 1159 2387 1207 2451; x_wconf 84' lang='grc' dir='ltr'><em>ὢν</em></span> <span class='ocrx_word' id='word_1_227' title='bbox 1230 2387 1383 2460; x_wconf 82' lang='grc' dir='ltr'><em>ἐπεξιέναι</em></span> 
     </span>
     <span class='ocr_line' id='line_1_23' title="bbox 154 2475 1383 2562; baseline -0.005 -18"><span class='ocrx_word' id='word_1_228' title='bbox 154 2481 215 2544; x_wconf 81' lang='grc' dir='ltr'><em>οὐκ</em></span> <span class='ocrx_word' id='word_1_229' title='bbox 239 2477 360 2562; x_wconf 83' lang='grc' dir='ltr'><em>ἠξίου.”</em></span> <span class='ocrx_word' id='word_1_230' title='bbox 427 2478 484 2561; x_wconf 82' lang='grc' dir='ltr'><em>τὴν</em></span> <span class='ocrx_word' id='word_1_231' title='bbox 516 2478 614 2560; x_wconf 81' lang='grc' dir='ltr'><em>αὐτὴν</em></span> <span class='ocrx_word' id='word_1_232' title='bbox 646 2480 778 2561; x_wconf 89' lang='grc' dir='ltr'><em>γνώμην</em></span> <span class='ocrx_word' id='word_1_233' title='bbox 810 2477 891 2559; x_wconf 81' lang='grc' dir='ltr'><em>εἶχεν</em></span> <span class='ocrx_word' id='word_1_234' title='bbox 923 2477 1032 2560; x_wconf 89' lang='grc' dir='ltr'><em>ώσπερ</em></span> <span class='ocrx_word' id='word_1_235' title='bbox 1060 2475 1214 2560; x_wconf 75' lang='grc' dir='ltr'><em>(ἣνπερέ)</em></span> <span class='ocrx_word' id='word_1_236' title='bbox 1243 2475 1297 2540; x_wconf 84' lang='grc' dir='ltr'><em>καὶ</em></span> <span class='ocrx_word' id='word_1_237' title='bbox 1325 2482 1383 2540; x_wconf 84' lang='lat' dir='ltr'>etc.</span> 
     </span>
    </p>

    <p class='ocr_par' dir='ltr' id='par_1_7' title="bbox 197 2564 1165 2652">
     <span class='ocr_line' id='line_1_24' title="bbox 197 2564 1165 2652; baseline -0.002 -22"><span class='ocrx_word' id='word_1_238' title='bbox 197 2571 217 2652; x_wconf 82' lang='grc' dir='ltr'><em>ἢ</em></span> <span class='ocrx_word' id='word_1_239' title='bbox 241 2567 324 2651; x_wconf 89' lang='grc' dir='ltr'><em>πρὸς</em></span> <span class='ocrx_word' id='word_1_240' title='bbox 345 2566 594 2650; x_wconf 89' lang='grc' dir='ltr'><em>Πελοπόννησον</em></span> <span class='ocrx_word' id='word_1_241' title='bbox 617 2566 695 2650; x_wconf 84' lang='grc' dir='ltr'><em>δρᾷ]</em></span> <span class='ocrx_word' id='word_1_242' title='bbox 718 2564 740 2650; x_wconf 81' lang='grc' dir='ltr'><em>ᾖ</em></span> <span class='ocrx_word' id='word_1_243' title='bbox 764 2603 806 2614; x_wconf 91' lang='lat'><em>·-</em></span> <span class='ocrx_word' id='word_1_244' title='bbox 832 2566 929 2630; x_wconf 81' lang='lat' dir='ltr'>Beklr.</span> <span class='ocrx_word' id='word_1_245' title='bbox 1163 2615 1165 2620; x_wconf 89' lang='lat'>.</span> 
     </span>
    </p>

    <p class='ocr_par' dir='ltr' id='par_1_8' title="bbox 153 2671 1384 3027">
     <span class='ocr_line' id='line_1_25' title="bbox 241 2671 1384 2757; baseline -0.004 -18"><span class='ocrx_word' id='word_1_246' title='bbox 241 2675 282 2739; x_wconf 90' lang='grc' dir='ltr'><em>Π.</em></span> <span class='ocrx_word' id='word_1_247' title='bbox 309 2675 359 2737; x_wconf 92' lang='grc'><em>56.</em></span> <span class='ocrx_word' id='word_1_248' title='bbox 386 2677 413 2738; x_wconf 93' lang='lat' dir='ltr'><em>l.</em></span> <span class='ocrx_word' id='word_1_249' title='bbox 438 2673 523 2757; x_wconf 81' lang='grc' dir='ltr'><em>[πρὶν</em></span> <span class='ocrx_word' id='word_1_250' title='bbox 547 2674 579 2744; x_wconf 88' lang='grc' dir='ltr'><em>ἐς</em></span> <span class='ocrx_word' id='word_1_251' title='bbox 593 2673 822 2756; x_wconf 82' lang='grc' dir='ltr'><em>τὴνπαραλίαν</em></span> <span class='ocrx_word' id='word_1_252' title='bbox 838 2678 897 2756; x_wconf 82' lang='grc' dir='ltr'><em>γῆν</em></span> <span class='ocrx_word' id='word_1_253' title='bbox 913 2672 1027 2756; x_wconf 83' lang='grc' dir='ltr'><em>ἐλθεῖν]</em></span> <span class='ocrx_word' id='word_1_254' title='bbox 1052 2671 1173 2748; x_wconf 65' lang='lat' dir='ltr'>cobet..</span> <span class='ocrx_word' id='word_1_255' title='bbox 1198 2672 1254 2754; x_wconf 90' lang='lat' dir='ltr'><em>qui</em></span> <span class='ocrx_word' id='word_1_256' title='bbox 1277 2671 1384 2734; x_wconf 79' lang='lat' dir='ltr'>“Gon-</span> 
     </span>
     <span class='ocr_line' id='line_1_26' title="bbox 153 2759 1382 2847; baseline -0.004 -19"><span class='ocrx_word' id='word_1_257' title='bbox 153 2766 236 2829; x_wconf 81' lang='lat' dir='ltr'>iutat</span> <span class='ocrx_word' id='word_1_258' title='bbox 263 2764 420 2828; x_wconf 82' lang='lat' dir='ltr'>emblema</span> <span class='ocrx_word' id='word_1_259' title='bbox 452 2769 484 2828; x_wconf 84' lang='lat' dir='ltr'><em>et</em></span> <span class='ocrx_word' id='word_1_260' title='bbox 515 2783 566 2827; x_wconf 85' lang='lat' dir='ltr'><em>res</em></span> <span class='ocrx_word' id='word_1_261' title='bbox 598 2764 667 2846; x_wconf 83' lang='lat' dir='ltr'>ipsa</span> <span class='ocrx_word' id='word_1_262' title='bbox 699 2768 731 2827; x_wconf 85' lang='lat' dir='ltr'><em>et</em></span> <span class='ocrx_word' id='word_1_263' title='bbox 754 2762 840 2847; x_wconf 88' lang='lat' dir='ltr'>quod</span> <span class='ocrx_word' id='word_1_264' title='bbox 868 2762 1029 2846; x_wconf 84' lang='lat' dir='ltr'>praecedit</span> <span class='ocrx_word' id='word_1_265' title='bbox 1051 2759 1159 2845; x_wconf 84' lang='lat' dir='ltr'>paullo</span> <span class='ocrx_word' id='word_1_266' title='bbox 1184 2764 1257 2825; x_wconf 84' lang='lat' dir='ltr'>ante</span> <span class='ocrx_word' id='word_1_267' title='bbox 1281 2779 1305 2823; x_wconf 90' lang='lat' dir='ltr'><em>o.</em></span> <span class='ocrx_word' id='word_1_268' title='bbox 1332 2762 1382 2824; x_wconf 79' lang='lat'><em>55.</em></span> 
     </span>
     <span class='ocr_line' id='line_1_27' title="bbox 153 2849 1380 2938; baseline -0.005 -19"><span class='ocrx_word' id='word_1_269' title='bbox 153 2854 259 2938; x_wconf 84' lang='grc' dir='ltr'><em>ἐπειδὴ</em></span> <span class='ocrx_word' id='word_1_270' title='bbox 293 2856 404 2936; x_wconf 82' lang='grc' dir='ltr'><em>ἔτεμον</em></span> <span class='ocrx_word' id='word_1_271' title='bbox 436 2852 471 2917; x_wconf 86' lang='grc' dir='ltr'><em>τὸ</em></span> <span class='ocrx_word' id='word_1_272' title='bbox 502 2852 613 2917; x_wconf 80' lang='grc' dir='ltr'><em>πεδίον</em></span> <span class='ocrx_word' id='word_1_273' title='bbox 635 2853 698 2916; x_wconf 90' lang='grc' dir='ltr'><em>κτλ.</em></span> <span class='ocrx_word' id='word_1_274' title='bbox 732 2859 764 2917; x_wconf 82' lang='lat' dir='ltr'><em>et</em></span> <span class='ocrx_word' id='word_1_275' title='bbox 787 2852 873 2935; x_wconf 86' lang='lat' dir='ltr'>quod</span> <span class='ocrx_word' id='word_1_276' title='bbox 896 2851 1003 2916; x_wconf 80' lang='lat' dir='ltr'>statim</span> <span class='ocrx_word' id='word_1_277' title='bbox 1026 2869 1051 2915; x_wconf 90' lang='grc'><em>0.</em></span> <span class='ocrx_word' id='word_1_278' title='bbox 1078 2850 1128 2914; x_wconf 89' lang='grc'><em>56.</em></span> <span class='ocrx_word' id='word_1_279' title='bbox 1161 2849 1212 2914; x_wconf 83' lang='grc' dir='ltr'><em>ὅτε</em></span> <span class='ocrx_word' id='word_1_280' title='bbox 1240 2849 1279 2934; x_wconf 87' lang='grc' dir='ltr'><em>δὴ</em></span> <span class='ocrx_word' id='word_1_281' title='bbox 1304 2850 1380 2933; x_wconf 82' lang='grc' dir='ltr'><em>ἀνή-</em></span> 
     </span>
     <span class='ocr_line' id='line_1_28' title="bbox 153 2940 1383 3027; baseline -0.004 -19"><span class='ocrx_word' id='word_1_282' title='bbox 153 2969 222 3027; x_wconf 91' lang='grc' dir='ltr'><em>γετο</em></span> <span class='ocrx_word' id='word_1_283' title='bbox 238 2944 301 3008; x_wconf 91' lang='grc' dir='ltr'><em>κτλ,</em></span> <span class='ocrx_word' id='word_1_284' title='bbox 368 2941 595 3027; x_wconf 89' lang='grc' dir='ltr'><em>προεχώρησε]</em></span> <span class='ocrx_word' id='word_1_285' title='bbox 620 2943 730 3008; x_wconf 81' lang='lat' dir='ltr'>Scribe</span> <span class='ocrx_word' id='word_1_286' title='bbox 749 2942 972 3026; x_wconf 88' lang='grc' dir='ltr'><em>προυχώρησε.</em></span> <span class='ocrx_word' id='word_1_287' title='bbox 1012 2940 1058 3005; x_wconf 84' lang='lat' dir='ltr'><em>of.</em></span> <span class='ocrx_word' id='word_1_288' title='bbox 1076 2941 1127 3023; x_wconf 87' lang='lat'><em>58,</em></span> <span class='ocrx_word' id='word_1_289' title='bbox 1144 2942 1173 3003; x_wconf 85' lang='lat'><em>2.</em></span> <span class='ocrx_word' id='word_1_290' title='bbox 1189 2941 1383 3024; x_wconf 89' lang='grc' dir='ltr'><em>προυχώρει.</em></span> 
     </span>
    </p>

    <p class='ocr_par' dir='ltr' id='par_1_9' title="bbox 241 3047 1254 3134">
     <span class='ocr_line' id='line_1_29' title="bbox 241 3047 1254 3134; baseline -0.003 -20"><span class='ocrx_word' id='word_1_291' title='bbox 241 3050 282 3115; x_wconf 92' lang='grc' dir='ltr'><strong>ΙΙ.</strong></span> <span class='ocrx_word' id='word_1_292' title='bbox 308 3053 357 3115; x_wconf 91' lang='grc'><em>58.</em></span> <span class='ocrx_word' id='word_1_293' title='bbox 385 3052 411 3114; x_wconf 94' lang='grc'><strong>1.</strong></span> <span class='ocrx_word' id='word_1_294' title='bbox 435 3049 621 3134; x_wconf 79' lang='grc' dir='ltr'><em>Ποτίδαιαν]</em></span> <span class='ocrx_word' id='word_1_295' title='bbox 646 3050 754 3115; x_wconf 82' lang='lat' dir='ltr'>Malim</span> <span class='ocrx_word' id='word_1_296' title='bbox 779 3049 978 3122; x_wconf 81' lang='grc' dir='ltr'><em>Ποτείδαιαν,</em></span> <span class='ocrx_word' id='word_1_297' title='bbox 1003 3053 1035 3112; x_wconf 82' lang='grc'><em>01</em></span> <span class='ocrx_word' id='word_1_298' title='bbox 1056 3049 1103 3113; x_wconf 83' lang='lat' dir='ltr'><em>sic</em></span> <span class='ocrx_word' id='word_1_299' title='bbox 1125 3047 1254 3132; x_wconf 87' lang='lat' dir='ltr'>ubique.</span> 
     </span>
    </p>

    <p class='ocr_par' dir='ltr' id='par_1_10' title="bbox 241 3137 1266 3223">
     <span class='ocr_line' id='line_1_30' title="bbox 241 3137 1266 3223; baseline -0.001 -20"><span class='ocrx_word' id='word_1_300' title='bbox 241 3139 282 3203; x_wconf 92' lang='grc' dir='ltr'><em>Π.</em></span> <span class='ocrx_word' id='word_1_301' title='bbox 308 3142 358 3203; x_wconf 87' lang='grc'><em>50.</em></span> <span class='ocrx_word' id='word_1_302' title='bbox 383 3142 411 3202; x_wconf 93' lang='grc'><strong>2.</strong></span> <span class='ocrx_word' id='word_1_303' title='bbox 435 3139 637 3221; x_wconf 87' lang='grc' dir='ltr'><em>πανταχόθεν</em></span> <span class='ocrx_word' id='word_1_304' title='bbox 659 3163 690 3202; x_wconf 89' lang='grc' dir='ltr'><em>τε</em></span> <span class='ocrx_word' id='word_1_305' title='bbox 715 3139 794 3223; x_wconf 86' lang='lat' dir='ltr'>(lege</span> <span class='ocrx_word' id='word_1_306' title='bbox 819 3139 867 3212; x_wconf 78' lang='grc' dir='ltr'><em>δέ,</em></span> <span class='ocrx_word' id='word_1_307' title='bbox 893 3145 928 3203; x_wconf 82' lang='lat' dir='ltr'><em>ut</em></span> <span class='ocrx_word' id='word_1_308' title='bbox 951 3139 1055 3202; x_wconf 79' lang='lat' dir='ltr'>estin</span> <span class='ocrx_word' id='word_1_309' title='bbox 1080 3137 1112 3202; x_wconf 85' lang='grc'><em>0.</em></span> <span class='ocrx_word' id='word_1_310' title='bbox 1137 3137 1185 3218; x_wconf 85' lang='lat' dir='ltr'><em>G.)</em></span> <span class='ocrx_word' id='word_1_311' title='bbox 1209 3141 1266 3203; x_wconf 81' lang='lat' dir='ltr'>elo.</span> 
     </span>
    </p>

    <p class='ocr_par' dir='ltr' id='par_1_11' title="bbox 243 3226 1382 3310">
     <span class='ocr_line' id='line_1_31' title="bbox 243 3226 1382 3310; baseline -0.002 -19"><span class='ocrx_word' id='word_1_312' title='bbox 243 3228 283 3292; x_wconf 89' lang='lat' dir='ltr'><em>Il.</em></span> <span class='ocrx_word' id='word_1_313' title='bbox 308 3229 359 3293; x_wconf 88' lang='grc'><em>60.</em></span> <span class='ocrx_word' id='word_1_314' title='bbox 383 3230 413 3291; x_wconf 91' lang='grc'><strong>4.</strong></span> <span class='ocrx_word' id='word_1_315' title='bbox 442 3229 502 3292; x_wconf 83' lang='grc' dir='ltr'><em>οὐκ</em></span> <span class='ocrx_word' id='word_1_316' title='bbox 529 3230 568 3292; x_wconf 83' lang='grc' dir='ltr'><em>ἂν</em></span> <span class='ocrx_word' id='word_1_317' title='bbox 597 3228 719 3310; x_wconf 82' lang='grc' dir='ltr'><em>ὁμοίως</em></span> <span class='ocrx_word' id='word_1_318' title='bbox 746 3229 849 3310; x_wconf 87' lang='grc' dir='ltr'><em>(ὅμως</em></span> <span class='ocrx_word' id='word_1_319' title='bbox 873 3226 1012 3310; x_wconf 86' lang='lat' dir='ltr'>Madvig)</span> <span class='ocrx_word' id='word_1_320' title='bbox 1043 3251 1071 3290; x_wconf 87' lang='grc' dir='ltr'><em>τι</em></span> <span class='ocrx_word' id='word_1_321' title='bbox 1103 3227 1228 3298; x_wconf 82' lang='grc' dir='ltr'><em>οἰκείως</em></span> <span class='ocrx_word' id='word_1_322' title='bbox 1255 3226 1382 3310; x_wconf 84' lang='grc' dir='ltr'><em>φράζοι.</em></span> 
     </span>
    </p>

    <p class='ocr_par' dir='ltr' id='par_1_12' title="bbox 137 3314 1383 3758">
     <span class='ocr_line' id='line_1_32' title="bbox 198 3314 1383 3400; baseline -0.002 -20"><span class='ocrx_word' id='word_1_323' title='bbox 198 3317 305 3388; x_wconf 86' lang='grc' dir='ltr'><em>καλῶς</em></span> <span class='ocrx_word' id='word_1_324' title='bbox 327 3317 470 3400; x_wconf 82' lang='grc' dir='ltr'><em>μὲνγὰρ</em></span> <span class='ocrx_word' id='word_1_325' title='bbox 494 3317 672 3400; x_wconf 89' lang='grc' dir='ltr'><em>φερόμενος</em></span> <span class='ocrx_word' id='word_1_326' title='bbox 696 3316 754 3400; x_wconf 92' lang='grc'><em>-]</em></span> <span class='ocrx_word' id='word_1_327' title='bbox 783 3316 931 3380; x_wconf 79' lang='lat' dir='ltr'>Imitatur</span> <span class='ocrx_word' id='word_1_328' title='bbox 953 3314 1064 3379; x_wconf 84' lang='lat' dir='ltr'>Livius</span> <span class='ocrx_word' id='word_1_329' title='bbox 1082 3316 1132 3399; x_wconf 82' lang='lat'><em>36,</em></span> <span class='ocrx_word' id='word_1_330' title='bbox 1150 3317 1200 3378; x_wconf 89' lang='grc'><strong>36.</strong></span> <span class='ocrx_word' id='word_1_331' title='bbox 1226 3314 1383 3399; x_wconf 86' lang='lat' dir='ltr'>‘Respu-</span> 
     </span>
     <span class='ocr_line' id='line_1_33' title="bbox 156 3404 1382 3489; baseline -0.002 -18"><span class='ocrx_word' id='word_1_332' title='bbox 156 3407 257 3472; x_wconf 82' lang='lat' dir='ltr'>blica</span> <span class='ocrx_word' id='word_1_333' title='bbox 285 3406 490 3470; x_wconf 89' lang='lat' dir='ltr'>incolumis</span> <span class='ocrx_word' id='word_1_334' title='bbox 522 3410 559 3469; x_wconf 85' lang='lat' dir='ltr'><em>et</em></span> <span class='ocrx_word' id='word_1_335' title='bbox 589 3407 760 3489; x_wconf 84' lang='lat' dir='ltr'>privatas</span> <span class='ocrx_word' id='word_1_336' title='bbox 792 3424 852 3469; x_wconf 85' lang='lat' dir='ltr'><em>res</em></span> <span class='ocrx_word' id='word_1_337' title='bbox 887 3404 1020 3469; x_wconf 85' lang='lat' dir='ltr'>facile·</span> <span class='ocrx_word' id='word_1_338' title='bbox 1041 3405 1167 3468; x_wconf 85' lang='lat' dir='ltr'>salvas</span> <span class='ocrx_word' id='word_1_339' title='bbox 1199 3408 1382 3488; x_wconf 84' lang='lat' dir='ltr'>praestat3</span> 
     </span>
     <span class='ocr_line' id='line_1_34' title="bbox 154 3493 1383 3580; baseline -0.002 -21"><span class='ocrx_word' id='word_1_340' title='bbox 154 3495 308 3580; x_wconf 85' lang='lat' dir='ltr'>publica</span> <span class='ocrx_word' id='word_1_341' title='bbox 343 3495 538 3579; x_wconf 88' lang='lat' dir='ltr'>prodendo</span> <span class='ocrx_word' id='word_1_342' title='bbox 576 3500 640 3559; x_wconf 83' lang='lat' dir='ltr'><em>tua</em></span> <span class='ocrx_word' id='word_1_343' title='bbox 669 3495 922 3579; x_wconf 82' lang='lat' dir='ltr'>nequicquam</span> <span class='ocrx_word' id='word_1_344' title='bbox 959 3495 1107 3558; x_wconf 63' lang='lat' dir='ltr'>serves?</span> <span class='ocrx_word' id='word_1_345' title='bbox 1175 3493 1316 3577; x_wconf 82' lang='grc' dir='ltr'><em>χρήμασι</em></span> <span class='ocrx_word' id='word_1_346' title='bbox 1349 3493 1383 3557; x_wconf 81' lang='grc' dir='ltr'><em>δὲ</em></span> 
     </span>
     <span class='ocr_line' id='line_1_35' title="bbox 137 3581 1382 3670; baseline -0.004 -21"><span class='ocrx_word' id='word_1_347' title='bbox 137 3586 333 3670; x_wconf 88' lang='grc' dir='ltr'><em>Ινικωμένου</em></span> <span class='ocrx_word' id='word_1_348' title='bbox 356 3585 545 3669; x_wconf 77' lang='grc' dir='ltr'><em>(νικώμενος</em></span> <span class='ocrx_word' id='word_1_349' title='bbox 569 3583 689 3666; x_wconf 79' lang='lat' dir='ltr'>Cobet.)</span> <span class='ocrx_word' id='word_1_350' title='bbox 711 3583 747 3648; x_wconf 84' lang='grc' dir='ltr'><em>τό</em></span> <span class='ocrx_word' id='word_1_351' title='bbox 772 3584 938 3666; x_wconf 85' lang='grc' dir='ltr'><em>ξύμπαντα</em></span> <span class='ocrx_word' id='word_1_352' title='bbox 960 3582 1073 3647; x_wconf 91' lang='grc' dir='ltr'><em>τούτου</em></span> <span class='ocrx_word' id='word_1_353' title='bbox 1096 3581 1168 3654; x_wconf 84' lang='grc' dir='ltr'><em>ἑνός</em></span> <span class='ocrx_word' id='word_1_354' title='bbox 1190 3585 1230 3646; x_wconf 83' lang='grc' dir='ltr'><em>ἂν</em></span> <span class='ocrx_word' id='word_1_355' title='bbox 1244 3582 1382 3647; x_wconf 86' lang='grc' dir='ltr'><em>πωλοῖτο</em></span> 
     </span>
     <span class='ocr_line' id='line_1_36' title="bbox 155 3672 1180 3758; baseline -0.003 -20"><span class='ocrx_word' id='word_1_356' title='bbox 155 3675 304 3758; x_wconf 85' lang='grc' dir='ltr'><em>(πολοῖτο,</em></span> <span class='ocrx_word' id='word_1_357' title='bbox 329 3675 478 3739; x_wconf 87' lang='grc' dir='ltr'><em>ἀπσλοῖτο</em></span> <span class='ocrx_word' id='word_1_358' title='bbox 502 3674 718 3739; x_wconf 80' lang='grc' dir='ltr'><em>01.·ἇπόδοιτο</em></span> <span class='ocrx_word' id='word_1_359' title='bbox 743 3674 851 3738; x_wconf 76' lang='lat' dir='ltr'>Cobet.</span> <span class='ocrx_word' id='word_1_360' title='bbox 875 3673 983 3738; x_wconf 83' lang='lat' dir='ltr'>malim</span> <span class='ocrx_word' id='word_1_361' title='bbox 1007 3672 1180 3753; x_wconf 82' lang='grc' dir='ltr'><em>ἀποδοῖτο).</em></span> 
     </span>
    </p>
   </div>
   <div class='ocr_carea' id='block_1_5' title="bbox 154 3779 1384 4578">
    <p class='ocr_par' dir='ltr' id='par_1_13' title="bbox 154 3779 1382 4132">
     <span class='ocr_line' id='line_1_37' title="bbox 242 3779 1382 3865; baseline -0.001 -19"><span class='ocrx_word' id='word_1_362' title='bbox 242 3781 282 3846; x_wconf 92' lang='grc'><strong>11.</strong></span> <span class='ocrx_word' id='word_1_363' title='bbox 307 3781 357 3845; x_wconf 88' lang='grc'><strong>61.</strong></span> <span class='ocrx_word' id='word_1_364' title='bbox 383 3783 411 3845; x_wconf 88' lang='grc'><strong>3.</strong></span> <span class='ocrx_word' id='word_1_365' title='bbox 436 3781 592 3865; x_wconf 89' lang='grc' dir='ltr'><em>αἰφνίδιον</em></span> <span class='ocrx_word' id='word_1_366' title='bbox 623 3782 677 3847; x_wconf 81' lang='grc' dir='ltr'><em>καὶ</em></span> <span class='ocrx_word' id='word_1_367' title='bbox 709 3779 967 3865; x_wconf 87' lang='grc' dir='ltr'><em>ἀπροσδόκητον]</em></span> <span class='ocrx_word' id='word_1_368' title='bbox 1001 3780 1046 3845; x_wconf 86' lang='lat' dir='ltr'><em>of.</em></span> <span class='ocrx_word' id='word_1_369' title='bbox 1076 3780 1115 3844; x_wconf 90' lang='lat' dir='ltr'><em>ad</em></span> <span class='ocrx_word' id='word_1_370' title='bbox 1140 3781 1253 3845; x_wconf 89' lang='lat' dir='ltr'>Aesoh.</span> <span class='ocrx_word' id='word_1_371' title='bbox 1277 3779 1382 3845; x_wconf 89' lang='lat' dir='ltr'>Prom.</span> 
     </span>
     <span class='ocr_line' id='line_1_38' title="bbox 156 3867 1381 3956; baseline -0.002 -20"><span class='ocrx_word' id='word_1_372' title='bbox 156 3873 227 3936; x_wconf 88' lang='lat'>680.</span> <span class='ocrx_word' id='word_1_373' title='bbox 256 3871 498 3955; x_wconf 88' lang='grc' dir='ltr'><em>ἀπροσδόκητος</em></span> <span class='ocrx_word' id='word_1_374' title='bbox 526 3871 555 3935; x_wconf 88' lang='grc' dir='ltr'><em>δ’</em></span> <span class='ocrx_word' id='word_1_375' title='bbox 588 3870 684 3936; x_wconf 88' lang='grc' dir='ltr'><em>αύτὸν</em></span> <span class='ocrx_word' id='word_1_376' title='bbox 711 3871 867 3955; x_wconf 82' lang='grc' dir='ltr'><em>αἰφνίδιος</em></span> <span class='ocrx_word' id='word_1_377' title='bbox 897 3870 1068 3953; x_wconf 88' lang='grc' dir='ltr'><em>(αἰφνίδιος</em></span> <span class='ocrx_word' id='word_1_378' title='bbox 1091 3868 1224 3952; x_wconf 75' lang='grc' dir='ltr'><em>αύτδνΡ)</em></span> <span class='ocrx_word' id='word_1_379' title='bbox 1247 3869 1352 3953; x_wconf 88' lang='grc' dir='ltr'><em>μόρος</em></span> <span class='ocrx_word' id='word_1_380' title='bbox 1376 3867 1381 3956; x_wconf 92' lang='grc'><em>(</em></span> 
     </span>
     <span class='ocr_line' id='line_1_39' title="bbox 154 3956 1381 4044; baseline -0.001 -21"><span class='ocrx_word' id='word_1_381' title='bbox 154 3967 208 4025; x_wconf 84' lang='grc' dir='ltr'><em>τοῦ</em></span> <span class='ocrx_word' id='word_1_382' title='bbox 232 3962 289 4044; x_wconf 81' lang='grc' dir='ltr'><em>ζῆν</em></span> <span class='ocrx_word' id='word_1_383' title='bbox 312 3961 528 4044; x_wconf 85' lang='grc' dir='ltr'><em>ἀπεστέρησεν.</em></span> <span class='ocrx_word' id='word_1_384' title='bbox 596 3960 650 4024; x_wconf 82' lang='grc' dir='ltr'><em>καὶ</em></span> <span class='ocrx_word' id='word_1_385' title='bbox 676 3959 711 4024; x_wconf 87' lang='grc' dir='ltr'><em>τὸ</em></span> <span class='ocrx_word' id='word_1_386' title='bbox 743 3960 877 4043; x_wconf 85' lang='grc' dir='ltr'><em>πλείστῳ</em></span> <span class='ocrx_word' id='word_1_387' title='bbox 904 3959 1081 4043; x_wconf 86' lang='grc' dir='ltr'><em>παραλόγῳ</em></span> <span class='ocrx_word' id='word_1_388' title='bbox 1109 3957 1296 4044; x_wconf 86' lang='grc' dir='ltr'><em>ξυμβαῖνον]</em></span> <span class='ocrx_word' id='word_1_389' title='bbox 1322 3956 1381 4036; x_wconf 83' lang='lat' dir='ltr'><em>Qu.</em></span> 
     </span>
     <span class='ocr_line' id='line_1_40' title="bbox 155 4049 722 4132; baseline -0.004 -18"><span class='ocrx_word' id='word_1_390' title='bbox 155 4050 206 4114; x_wconf 84' lang='grc' dir='ltr'><em>καὶ</em></span> <span class='ocrx_word' id='word_1_391' title='bbox 227 4049 263 4115; x_wconf 90' lang='grc' dir='ltr'><em>τδ</em></span> <span class='ocrx_word' id='word_1_392' title='bbox 286 4049 429 4113; x_wconf 90' lang='grc' dir='ltr'><em>πλεῖστον</em></span> <span class='ocrx_word' id='word_1_393' title='bbox 451 4049 644 4132; x_wconf 91' lang='grc' dir='ltr'><em>παραλόγως</em></span> <span class='ocrx_word' id='word_1_394' title='bbox 668 4087 722 4112; x_wconf 93' lang='grc'><strong>-.</strong></span> 
     </span>
    </p>

    <p class='ocr_par' dir='ltr' id='par_1_14' title="bbox 156 4137 1384 4578">
     <span class='ocr_line' id='line_1_41' title="bbox 241 4137 1380 4222; baseline -0.002 -20"><span class='ocrx_word' id='word_1_395' title='bbox 241 4137 281 4203; x_wconf 93' lang='grc'><strong>11.</strong></span> <span class='ocrx_word' id='word_1_396' title='bbox 306 4138 357 4201; x_wconf 92' lang='grc'><strong>62.</strong></span> <span class='ocrx_word' id='word_1_397' title='bbox 381 4140 410 4201; x_wconf 88' lang='grc'><strong>4.</strong></span> <span class='ocrx_word' id='word_1_398' title='bbox 435 4137 506 4202; x_wconf 82' lang='grc' dir='ltr'><em>οὐδ’</em></span> <span class='ocrx_word' id='word_1_399' title='bbox 535 4137 618 4209; x_wconf 86' lang='grc' dir='ltr'><em>εἰκός</em></span> <span class='ocrx_word' id='word_1_400' title='bbox 650 4139 797 4222; x_wconf 83' lang='grc' dir='ltr'><em>χαλεπῶς</em></span> <span class='ocrx_word' id='word_1_401' title='bbox 825 4139 932 4221; x_wconf 93' lang='grc' dir='ltr'><em>φέρειν</em></span> <span class='ocrx_word' id='word_1_402' title='bbox 960 4139 1066 4202; x_wconf 80' lang='grc' dir='ltr'><em>αὐτῶν</em></span> <span class='ocrx_word' id='word_1_403' title='bbox 1094 4137 1186 4221; x_wconf 84' lang='lat' dir='ltr'>(adde</span> <span class='ocrx_word' id='word_1_404' title='bbox 1215 4137 1380 4220; x_wconf 88' lang='grc' dir='ltr'><em>ἐστερημέ-</em></span> 
     </span>
     <span class='ocr_line' id='line_1_42' title="bbox 156 4225 1382 4311; baseline -0.002 -19"><span class='ocrx_word' id='word_1_405' title='bbox 156 4230 263 4309; x_wconf 77' lang='grc' dir='ltr'><em>νουςΡ(</em></span> <span class='ocrx_word' id='word_1_406' title='bbox 295 4227 416 4311; x_wconf 83' lang='grc' dir='ltr'><em>μᾶλλον</em></span> <span class='ocrx_word' id='word_1_407' title='bbox 448 4231 468 4311; x_wconf 79' lang='grc' dir='ltr'><em>ἢ</em></span> <span class='ocrx_word' id='word_1_408' title='bbox 493 4228 532 4292; x_wconf 85' lang='grc' dir='ltr'><em>ού</em></span> <span class='ocrx_word' id='word_1_409' title='bbox 564 4228 681 4311; x_wconf 90' lang='grc' dir='ltr'><em>κηπίον</em></span> <span class='ocrx_word' id='word_1_410' title='bbox 712 4228 784 4309; x_wconf 80' lang='grc' dir='ltr'><em>(οὐκ</em></span> <span class='ocrx_word' id='word_1_411' title='bbox 811 4229 907 4311; x_wconf 82' lang='grc' dir='ltr'><em>ἤπιον</em></span> <span class='ocrx_word' id='word_1_412' title='bbox 930 4231 968 4292; x_wconf 80' lang='lat' dir='ltr'><em>A.</em></span> <span class='ocrx_word' id='word_1_413' title='bbox 993 4227 1028 4290; x_wconf 77' lang='lat' dir='ltr'><em>Il.</em></span> <span class='ocrx_word' id='word_1_414' title='bbox 1053 4225 1084 4290; x_wconf 80' lang='lat' dir='ltr'><em>F.</em></span> <span class='ocrx_word' id='word_1_415' title='bbox 1119 4245 1170 4308; x_wconf 81' lang='lat' dir='ltr'><em>qu</em></span> <span class='ocrx_word' id='word_1_416' title='bbox 1200 4227 1238 4290; x_wconf 84' lang='grc' dir='ltr'><em>ού</em></span> <span class='ocrx_word' id='word_1_417' title='bbox 1266 4225 1382 4309; x_wconf 90' lang='grc' dir='ltr'><em>φυκίον</em></span> 
     </span>
     <span class='ocr_line' id='line_1_43' title="bbox 156 4316 1383 4402; baseline -0.003 -19"><span class='ocrx_word' id='word_1_418' title='bbox 156 4324 208 4383; x_wconf 82' lang='lat' dir='ltr'><em>aut</em></span> <span class='ocrx_word' id='word_1_419' title='bbox 234 4316 362 4402; x_wconf 90' lang='grc' dir='ltr'><em>φύκιον)</em></span> <span class='ocrx_word' id='word_1_420' title='bbox 395 4317 448 4381; x_wconf 85' lang='grc' dir='ltr'><em>καί</em></span> <span class='ocrx_word' id='word_1_421' title='bbox 480 4317 726 4400; x_wconf 83' lang='grc' dir='ltr'><em>ἐγκαλλώπισμα</em></span> <span class='ocrx_word' id='word_1_422' title='bbox 762 4317 900 4382; x_wconf 88' lang='grc' dir='ltr'><em>πλούτου</em></span> <span class='ocrx_word' id='word_1_423' title='bbox 932 4316 1015 4400; x_wconf 86' lang='grc' dir='ltr'><em>πρὸς</em></span> <span class='ocrx_word' id='word_1_424' title='bbox 1048 4316 1162 4398; x_wconf 91' lang='grc' dir='ltr'><em>ταύτην</em></span> <span class='ocrx_word' id='word_1_425' title='bbox 1194 4316 1383 4399; x_wconf 89' lang='grc' dir='ltr'><em>νομίσαντας</em></span> 
     </span>
     <span class='ocr_line' id='line_1_44' title="bbox 157 4404 1384 4492; baseline -0.002 -21"><span class='ocrx_word' id='word_1_426' title='bbox 157 4409 353 4492; x_wconf 78' lang='grc' dir='ltr'><em>ὀλιγωρῆσσι.</em></span> <span class='ocrx_word' id='word_1_427' title='bbox 391 4405 523 4489; x_wconf 81' lang='lat' dir='ltr'>Legitur</span> <span class='ocrx_word' id='word_1_428' title='bbox 545 4406 675 4491; x_wconf 88' lang='lat' dir='ltr'>quidem</span> <span class='ocrx_word' id='word_1_429' title='bbox 698 4408 813 4490; x_wconf 88' lang='grc' dir='ltr'><em>κηπίον</em></span> <span class='ocrx_word' id='word_1_430' title='bbox 836 4407 1045 4490; x_wconf 86' lang='lat' dir='ltr'>(hortulus)</span> <span class='ocrx_word' id='word_1_431' title='bbox 1064 4404 1176 4488; x_wconf 86' lang='lat' dir='ltr'>Polyb.</span> <span class='ocrx_word' id='word_1_432' title='bbox 1199 4404 1255 4468; x_wconf 82' lang='lat' dir='ltr'><em>VI.</em></span> <span class='ocrx_word' id='word_1_433' title='bbox 1277 4406 1326 4469; x_wconf 87' lang='grc'><strong>17.</strong></span> <span class='ocrx_word' id='word_1_434' title='bbox 1344 4406 1384 4489; x_wconf 85' lang='grc'><strong>2.,</strong></span> 
     </span>
     <span class='ocr_line' id='line_1_45' title="bbox 157 4495 1383 4578; baseline -0.002 -18"><span class='ocrx_word' id='word_1_435' title='bbox 157 4497 209 4560; x_wconf 87' lang='lat' dir='ltr'><em>sed</em></span> <span class='ocrx_word' id='word_1_436' title='bbox 243 4516 354 4562; x_wconf 84' lang='lat' dir='ltr'>vereor</span> <span class='ocrx_word' id='word_1_437' title='bbox 386 4502 423 4560; x_wconf 86' lang='lat' dir='ltr'><em>ut</em></span> <span class='ocrx_word' id='word_1_438' title='bbox 458 4497 511 4560; x_wconf 91' lang='lat' dir='ltr'><em>hic</em></span> <span class='ocrx_word' id='word_1_439' title='bbox 547 4496 722 4561; x_wconf 84' lang='lat' dir='ltr'>conveniat.</span> <span class='ocrx_word' id='word_1_440' title='bbox 765 4495 858 4561; x_wconf 79' lang='lat' dir='ltr'>Latet</span> <span class='ocrx_word' id='word_1_441' title='bbox 890 4495 976 4561; x_wconf 85' lang='lat' dir='ltr'>aliud</span> <span class='ocrx_word' id='word_1_442' title='bbox 1010 4495 1087 4578; x_wconf 91' lang='lat' dir='ltr'>quid</span> <span class='ocrx_word' id='word_1_443' title='bbox 1121 4499 1383 4560; x_wconf 86' lang='lat' dir='ltr'>ornamentum</span> 
     </span>
    </p>
   </div>
   <div class='ocr_carea' id='block_1_6' title="bbox 0 0 1796 5340">
    <p class='ocr_par' dir='ltr' id='par_1_15' title="bbox 0 0 1796 5340">
     <span class='ocr_line' id='line_1_46' title="bbox 0 0 1796 5340; baseline 0 0"><span class='ocrx_word' id='word_1_444' title='bbox 0 0 1796 5340; x_wconf 95' lang='lat' dir='ltr'><em> </em></span> 
     </span>
    </p>
   </div>
  </div>
 </body>
</html>
