3510 5338
367 481 408 544 68
834 533 837 538 .
885 497 1072 542 mmmmm

453 658 525 722 VH.
551 658 600 721 11.
625 659 654 720 2.
677 664 725 740 τῷ
747 657 835 739 αὑτῷ
861 655 971 739 τρόπῳ
996 654 1209 740 [πέμψαντες]
1232 655 1338 719 Herw.
1377 652 1523 720 Delenda
1546 655 1593 717 vi·
1663 736 1667 746 Ι

364 749 479 830 dentur
502 747 597 810 verba
629 754 677 829 τῷ
708 747 797 829 αὑτῷ
823 746 933 830 τρόπῳ
961 748 1154 828 πέμψαντες,
1187 749 1224 808 ut
1251 749 1283 808 et
1309 745 1475 827 sequentia
1499 744 1533 806 ἐν
1555 751 1594 826 τῇ

363 836 561 919 Ναυπάκτῳ.

453 925 524 989 VII.
544 927 593 988 18.
612 927 639 988 1.
655 921 881 1010 προεθέθοκτο]
899 922 957 1000 QU.
974 923 1201 1008 προυάέθοκτο.
1269 921 1314 1006 μή
1332 923 1449 986 ἀνιέναι
1465 922 1593 1001 (ἀνεῖναι

305 1027 307 1033 “
364 1015 399 1079 Β.
423 1016 556 1079 fortasse
579 1015 676 1097 recte)
699 1014 753 1078 τὸν
775 1015 924 1096 πόλεμον.
994 1017 1021 1075 3.
1046 1013 1261 1095 ἐνεθυμούντο
1276 1014 1333 1096 τήν
1347 1035 1380 1075 τε
1394 1011 1466 1093 περὶ
1480 1009 1593 1074 Πύλον

364 1104 534 1188 ξυμφορὰν
565 1104 618 1168 καλ
650 1105 682 1167 εἴ
706 1127 751 1173 τις
783 1103 859 1185 άλλη
892 1103 998 1172 αὑτοῖς
1034 1103 1153 1184 γένοιτο
1187 1102 1374 1184 (ἐγεγένοιτο
1402 1100 1438 1164 Β.
1471 1101 1592 1182 ἐγένετο

365 1195 516 1258 Badham.
540 1193 610 1276 Iege
633 1193 839 1275 ἐγεγένητο).’
879 1195 918 1253 ’5.
943 1191 1074 1275 σίθηρόν
1101 1214 1133 1254 τε
1155 1191 1378 1273 περιήγγελλον
1401 1189 1481 1256 κατὰ
1506 1191 1592 1271 (ἒςΡ)

363 1281 438 1353 τοὺς
461 1282 658 1365 ξυμμάχους.

453 1371 640 1435 011102.
663 1370 884 1453 παραπλήσιον
908 1369 943 1432 θὲ
966 1369 1019 1433 καί
1042 1373 1119 1451 (om.
1144 1370 1182 1433 A.
1199 1366 1237 1431 D.
1253 1367 1289 1430 D.
1306 1368 1338 1431 II.
1355 1368 1391 1432 G.
1417 1387 1467 1451 qu.
1492 1369 1529 1451 ή)
1553 1369 1592 1431 οὑ

365 1461 476 1542 πολλῷ
498 1460 594 1523 πλέον
617 1460 670 1523 καλ
693 1459 758 1523 ἀπὸ
780 1466 836 1541 τῆς
857 1459 1023 1529 Βοιωτίας.

454 1548 525 1612 VII.
551 1550 601 1612 20.
628 1550 655 1611 1.
678 1547 884 1632 παρακαλεῖν]
917 1547 986 1611 Imo
1018 1549 1220 1632 παραλαβεῖν.
1260 1547 1305 1612 01.
1330 1547 1371 1610 20
1389 1565 1433 1629 sq.
1462 1546 1516 1609 καὶ
1539 1546 1593 1610 τὸν

366 1637 529 1721 Χαρικλέα
561 1636 635 1709 τοὺς
654 1637 817 1720 Ἀργείους
848 1638 1051 1721 παραλαβεῖν.
1086 1639 1137 1700 26.
1169 1627 1406 1721 παραλαβόντες
1432 1640 1498 1699 τῶν
1516 1637 1592 1718 Ἀρ-

366 1730 459 1810 γείων
483 1728 617 1798 ὁπλίτας.
687 1731 715 1790 2.
736 1729 889 1810 ’Λργείων
911 1751 943 1790 τε
964 1727 1077 1810 (111111)
1101 1727 1235 1795 ὁπλίτας.
1305 1727 1333 1788 3.
1357 1724 1593 1809 παραπλέοντα]

365 1818 417 1881 An
441 1818 673 1901 παραπλέοντιΡ
713 1817 757 1880 Of.
783 1819 811 1900 2,
825 1818 881 1880 80.
905 1823 952 1899 τῷ
973 1823 1112 1898 ναυτικῷ
1134 1816 1323 1897 παρήγγειλε
1346 1837 1592 1897 παρασκευασα-

365 1909 455 1989 μένῳ
478 1908 573 1970 πλεῖν.
613 1905 675 1969 Sed
697 1927 726 1967 v.
751 1905 825 1970 Lob.
851 1907 900 1987 Α).
926 1905 1019 1968 1006.
1234 1959 1237 1966 ,

457 1996 525 2059 VII.
551 1997 601 2057 21.
628 1996 654 2058 1.
692 1995 746 2058 καλ
781 1996 959 2077 ναυμαχίας
996 1994 1173 2076 ἀπόπειραν
1211 1993 1374 2076 (πεῖρανῗ)
1411 1993 1593 2077 λαμβάνειν.

411 2087 439 2147 2.
463 2085 596 2158 ἐλπίζειν
619 2084 680 2166 γὰρ
712 2083 767 2146 ἀπ’
791 2085 888 2147 αὑτοῦ
920 2107 947 2145 τι
979 2085 1073 2165 ἔργον
1105 2085 1194 2157 ἄξιον
1225 2089 1281 2146 τοὺ
1309 2083 1459 2146 κινδύνου
1483 2085 1516 2153 ἐς
1539 2083 1594 2147 τὸν

365 2175 506 2256 πόλεμον
526 2173 780 2257 κατεργάσασθαι
800 2172 1061 2256 (κατεργάσεσθαι
1079 2178 1164 2237 recte
1181 2171 1308 2254 0011111.)
1377 2172 1542 2245 ξυνέπειθε
1559 2172 1594 2235 ἀὲ

365 2263 419 2327 καλ
435 2261 686 2345 ὑἙρμοκράτής
702 2263 762 2343 οὑχ
777 2263 887 2344 ήκιστα
903 2266 958 2324 τοῦ
976 2264 1047 2341 (om.
1060 2261 1191 2340 0111110.)
1206 2268 1272 2332 ταῖς
1288 2261 1379 2325 ναυσὶ
1393 2260 1438 2343 μὴ
1456 2261 1593 2343 ἀθυμεῖν

366 2353 571 2434 ἐπιχειρήσειν
594 2352 818 2434 (ἐπιχείρησινῖ
842 2356 898 2414 aut
919 2351 1160 2433 μαχομένουςῗ)
1190 2351 1272 2433 πρὸς
1298 2348 1372 2420 τοὺς
1389 2351 1593 2433 Ἀθηναίους.

409 2440 589 2525 ξυνέπειθε]
616 2441 821 2514 ξυνανέπειθε
844 2440 1001 2523 Badham,
1025 2442 1080 2522 qui
1097 2441 1253 2505 excidises
1269 2440 1391 2521 aliquid
1415 2447 1488 2503 ante
1511 2440 1594 2522 πρὸς

364 2529 438 2600 τοὺς
456 2530 650 2613 Ἀθηναίους
674 2531 866 2614 suspicatur,
894 2550 993 2612 quum
1024 2536 1083 2593 τοῦ
1110 2530 1246 2612 ἀθυμεῖν
1273 2549 1291 2592 a
1319 2529 1484 2602 ξυνέπειθε
1516 2547 1593 2612 pen-

361 2621 440 2684 dere
477 2640 541 2684 non
574 2622 681 2704 possit.
725 2619 815 2684 Certe
853 2620 940 2684 enim
972 2620 1161 2683 sententiam
1200 2637 1268 2682 esse
1299 2619 1425 2701 βλέπειν
1452 2618 1593 2682 κελεύων

360 2709 446 2792 πρὸς
476 2710 550 2780 τοὺς
576 2710 648 2773 Ἀθ.
725 2709 941 2792 ἐπιχειρήσειν]
974 2709 1084 2772 Malim
1116 2709 1308 2790 ἐπιχειρήσαι
1336 2713 1392 2771 aut
1419 2709 1591 2790 ἐπιχειρεῖν.

364 2799 414 2863 Ita
441 2800 535 2864 etiam
563 2798 714 2864 Badham.
753 2799 900 2863 Ceterum
928 2799 966 2862 cf.
990 2797 1069 2862 Plat.
1085 2798 1210 2861 Menex.
1234 2817 1263 2880 p.
1281 2798 1343 2859 241
1361 2795 1399 2860 D.
1429 2798 1593 2879 ἐπιχειρεῖν

364 2889 457 2952 πάλιν
477 2888 559 2969 πρὸς
573 2888 647 2958 τοὺς
663 2887 825 2969 Ἕλληνας.
896 2889 923 2949 3.
947 2886 1029 2967 πρὸς
1051 2887 1171 2967 ἄνδρας
1192 2884 1372 2969 τολμηροὺς
1388 2887 1474 2956 οἵους
1490 2889 1543 2950 καὶ
1560 2887 1591 2966 (f.

364 2977 449 3054 τοὺς)
473 2978 666 3060 Ἀθήναίους
692 2976 766 3046 τοὺς
794 2976 1041 3057 ἀντιτολμῶντας
1069 2976 1310 3057 χαλεπωτάτους
1337 2977 1377 3038 ἀν
1406 2979 1478 3055 (om.
1499 2980 1536 3039 A.
1554 2974 1592 3038 D.

366 3065 401 3128 Ε.
418 3065 450 3127 F.
474 3065 716 3141 Βθ111.).αύτοῖς
739 3064 870 3147 (αὑτοὺς
893 3067 930 3126 A.
954 3064 1003 3146 II.)
1031 3064 1201 3146 φαίνεσθαι
1225 3065 1309 3148 vulg.
1334 3101 1375 3110 —-
1400 3067 1439 3127 ἂν
1464 3063 1592 3148 [αὑτοῖς]

365 3154 534 3237 φαίνεσθαι
566 3154 719 3217 Badham.
809 3153 928 3235 ἀνθρσς
961 3153 1140 3236 τολμηροὺς
1177 3155 1264 3224 οἴους
1301 3153 1354 3217 καὶ
1382 3154 1592 3237 Ἀθηναίους]

362 3244 518 3307 Similiter
533 3242 726 3327 Hermippus
751 3245 801 3306 79.
824 3243 880 3326 τήν
900 3242 1043 3326 κεφαλήν
1058 3245 1121 3325 ἔχει
1141 3243 1145 3327 (
1167 3243 1246 3326 ὅσην
1268 3244 1473 3326 κολοκύντην.
1497 3242 1592 3326 Soph.

365 3333 471 3396 Trach.
496 3334 570 3397 444.
593 3333 701 3415 κάμοῦ
730 3356 764 3415 γε
792 3333 924 3416 (ἀρχει)
957 3337 1028 3403 πῶς
1052 3332 1080 3395 θ’
1105 3333 1143 3396 οὑ
1172 3334 1305 3415 χάτέρας
1333 3333 1401 3402 οἵας
1425 3331 1453 3414 γ’
1477 3332 1592 3415 (01111)

366 3423 462 3505 ἐμοὺ;
535 3425 564 3486 4.
598 3423 817 3505 ἐκπλαγέντων
854 3424 960 3486 αὑτῶν
995 3424 1299 3507 περιγενήσομένους
1331 3422 1593 3504 (περιεσομένους

365 3515 404 3575 A.
428 3511 465 3575 D.
490 3512 524 3576 E.
549 3511 582 3575 F.
607 3512 662 3589 0.).
739 3512 792 3576 καλ
825 3518 908 3596 σιγᾶς
940 3515 1045 3574 ἀν-
1069 3512 1231 3595 ὑποσχεῖν]
1264 3511 1318 3575 καὶ
1349 3513 1455 3594 σφίσιν
1486 3513 1526 3574 ἂν
1550 3545 1602 3556 —-·

365 3603 518 3684 ὑπάρχειν
550 3603 606 3683 (sic
634 3621 733 3665 unum
757 3602 825 3666 cod.
850 3604 941 3680 οοεε.)
970 3600 1132 3665 LInwood.
1171 3602 1242 3685 Ipse
1270 3601 1378 3663 malim
1407 3599 1461 3664 καὶ
1488 3601 1592 3683 σφίσιν

365 3727 408 3736 -
431 3691 591 3772 ὑπάρχειν.
631 3690 679 3753 Ita
711 3692 804 3754 etiam
838 3690 989 3753 Badham.
1046 3693 1088 3752 ,5.
1119 3696 1175 3753 τοῦ
1202 3714 1235 3752 τε
1257 3689 1422 3752 Γυλίππου
1451 3689 1504 3752 καλ
1528 3689 1592 3770 (καὶ

365 3784 420 3841 τοὺ
444 3787 528 3842 recto
552 3781 590 3842 A.
615 3776 651 3840 D.
675 3779 711 3840 D.
736 3778 768 3841 F.
793 3779 839 3859 G.)
858 3778 1106 3862 Ἑρμοκράτους.
1203 3785 1205 3792 ‘
1251 3793 1253 3796 '

456 3866 528 3932 VII.
552 3869 603 3928 22.
630 3868 656 3929 1.
680 3866 877 3950 Πλήμυρίῳ]
900 3866 1106 3951 Πλήμμυρίω
1131 3872 1216 3931 recte
1241 3872 1278 3930 A.
1302 3867 1337 3931 Β.

455 3955 525 4018 VII.
550 3957 600 4018 23.
626 3957 654 4016 2.
678 3957 880 4038 κρατούντων
913 3955 966 4040 (τῇ
993 3956 1170 4042 ναυμαχίᾳ]
1203 3957 1364 4022 Badham.¹
1423 3959 1451 4019 3.
1474 3980 1590 4040 ταραχ-

366 4045 470 4109 θεῖσαι
484 4044 556 4126 περὶ
571 4044 713 4126 ἀλλήλας
729 4046 804 4132 (11110
820 4046 891 4127 περὶ
907 4045 1071 4128 ἀλλήλαις).
1141 4051 1169 4111 4.
1194 4047 1306 4117 ταύτας
1328 4070 1360 4110 τε
1379 4046 1439 4129 γὰρ
1456 4048 1592 4129 ἔτρεψαν

366 4135 420 4198 καὶ
443 4133 583 4216 (καὶτὰς
606 4135 723 4216 injuria
746 4133 865 4216 Cobet.)
888 4134 944 4219 ὑφ’
969 4133 1016 4220 ὧν
1041 4174 1082 4181 -
1106 4137 1256 4208 ἐνικῶντο
1280 4141 1337 4200 etc.

456 4223 527 4287 VII.
552 4225 603 4287 24.
628 4226 656 4287 2.
681 4223 762 4286 ὥστε
785 4223 845 4305 γὰρ
868 4225 998 4307 ταμιείῳ
1016 4223 1074 4308 -]
1099 4227 1152 4289 ἅτε
1176 4261 1216 4271 -
1242 4245 1325 4288 unus
1348 4226 1459 4289 eodex.
1483 4226 1593 4307 ὥσπερ

368 4352 409 4360 —-
434 4315 514 4396 conj.
539 4313 662 4397 Poppo,
697 4313 766 4376 coll.
790 4313 917 4398 Joseph.
945 4316 1021 4378 Ant.
1045 4314 1167 4378 XVIII.
1194 4316 1221 4377 9.
1250 4315 1390 4398 ἐχρῶντο
1419 4314 1454 4377 ὑὲ
1482 4315 1591 4398 ὥσπερ

366 4405 496 4485 ταμιείῳ
528 4402 632 4466 ταῖσθε
663 4408 741 4472 ταῖςΙ
760 4402 894 4465 πόλεσιν.
943 4400 1030 4478 Quae
1059 4423 1099 4467 ex
1131 4404 1191 4467 hoc
1224 4403 1294 4466 loco
1328 4423 1477 4488 expressa
1508 4409 1591 4468 sunt.

413 4494 441 4556 3.
466 4491 536 4555 οὐδ’
570 4493 600 4555 ολ
636 4492 744 4556 ἔσπλοι
775 4491 926 4574 ἀσφαλεῖς
957 4491 1038 4574 ήσαν
1069 4498 1124 4575 τῆς
1155 4493 1326 4576 ἐπαγωγῆς
1358 4495 1391 4575 (Ι.
1415 4495 1591 4576 ε’σαγωγής)

364 4586 429 4644 τῶν
452 4580 644 4663 ἓπιτήθείων.
