3576 5340
725 426 912 472 rnucrnrons
1388 411 1428 471 27

204 589 352 672 μεγίστην
384 586 484 652 οὖσαν
512 587 693 670 Ἀθηναίων
717 585 783 670 [ἢν]
812 586 953 668 opticen
984 586 1038 650 καὶ
1071 588 1137 669 ἅμα
1163 586 1228 671 [ῆν]
1253 588 1431 669 ε’φορμοῦσι

205 680 309 761 σφίσιν
341 679 448 748 αὐτοῖς
480 676 606 760 δαπάνη
640 677 711 759 (pro
744 678 849 747 adroic
887 676 1012 760 δαπάνη
1046 677 1147 759 σφίσι]
1184 678 1329 759 γίγνηται.
1369 675 1432 752 Qui

205 768 451 832 Atheniensium
480 772 655 849 sumptum,
686 786 751 830 non
780 766 1100 849 Peloponnesiorum,
1128 765 1301 849 significari
1323 772 1432 831 monet

204 857 274 922 coll.
298 857 350 920 46.
376 860 404 921 2.
473 857 579 927 αὐτοῖς
603 855 728 939 δαπάνη
753 856 838 937 σφίσι
863 854 1016 938 γίγνηται]
1047 857 1151 938 σφίσιν
1175 857 1280 926 αὐτοῖς
1304 854 1429 939 δαπάνη

204 948 342 1030 γίγνηται
364 946 558 1011 Donaldson.
592 946 696 1016 αὐτοῖς
729 945 855 1028 δαπάνη
888 945 942 1008 καὶ
968 945 1014 1028 μῆ
1043 946 1129 1027 σφίσι
1162 945 1298 1029 γίγνηται
1332 950 1432 1009 tentat

204 1036 364 1101 Linwood.
403 1036 494 1100 Idem
526 1035 611 1117 σφίσι
636 1038 667 1098 et
689 1035 795 1105 αὐτοῖς
816 1035 925 1099 forsan
948 1035 1182 1118 transponenda
1206 1042 1321 1103 censet.
1345 1035 1431 1117 σφίσι

205 1126 287 1190 delet
310 1125 445 1190 Goeller.

238 1261 241 1268 ·
292 1215 351 1280 ΠΙ.
376 1217 426 1279 32.
453 1211 706 1301 1.Μυοννῆσῳ]
731 1213 884 1279 Similiter
903 1213 1165 1299 Πελοπόννησος,
1189 1213 1430 1298 Προκόννησος,

199 1304 401 1388 Ἆλόννησος,
426 1309 483 1368 eto.

291 1394 349 1458 III.
362 1397 412 1458 34.
425 1397 453 1458 3.
469 1395 488 1458 ὁ
505 1394 540 1459 δὲ
555 1393 836 1476 προκαλεσάμενος
849 1392 903 1477 -]
915 1392 1036 1458 Eadem
1046 1395 1238 1458 constructio
1256 1397 1303 1458 est
1313 1393 1368 1457 IV.
1380 1395 1431 1457 80.

203 1485 429 1567 προκρίναντες
460 1485 492 1555 ἒς
525 1483 694 1566 δισχιλίους
718 1487 775 1546 etc.
843 1483 937 1557 ὥστε,
973 1486 1013 1566 ῆν
1043 1483 1146 1566 μηδὲν
1179 1484 1315 1566 ἀρέσκον
1346 1484 1430 1566 λέγῃ,

203 1574 296 1638 πάλιν
319 1574 640 1656 αάτδνικαταστῆσειν
664 1575 734 1658 (leg.
757 1574 958 1655 καταστῆσαι)
982 1574 1014 1643 ές
1036 1572 1071 1636 τὸ
1094 1579 1194 1655 τεῖχος
1217 1578 1274 1638 ete.

291 1663 348 1727 Ill.
374 1664 424 1726 36.
451 1665 477 1726 l.
502 1665 582 1727 ἔστιν
614 1665 634 1726 ἃ
667 1661 888 1744 παρεχόμενον
920 1662 1199 1745 (προεχόμενονῗ).
1273 1665 1301 1725 2.
1330 1686 1430 1745 προσ-

205 1753 412 1836 ξυνελάβοντο
437 1753 495 1837 -]
530 1753 576 1817 Of.
604 1752 660 1816 IV.
688 1755 740 1816 47.
778 1751 986 1833 ξυνελάβοντο
1026 1752 1059 1815 δὲ
1095 1758 1152 1815 τοῦ
1189 1752 1333 1815 τοιούτου
1371 1753 1431 1835 οὐχ

204 1844 314 1926 ῆιιιστα
338 1881 379 1890 -
404 1845 435 1907 οῖ
458 1841 623 1926 στρατηγοί
647 1847 705 1907 eto.
728 1841 821 1905 Dion.
846 1841 931 1904 Cass
954 1840 1043 1904 XIV.
1068 1843 1120 1906 47.
1190 1843 1217 1904 3.
1240 1842 1332 1904 πόλιν
1355 1842 1432 1924 ὅλην

205 1932 387 2015 διαφθεῖραι
418 1933 540 2016 μᾶλλον
563 1936 583 2014 ῆ
608 1933 646 1995 οὗ
670 1930 745 2002 τοὺς
768 1929 904 2014 αἰτίους]
938 1931 962 1993 Ι.
987 1949 1012 1994 e.
1045 1931 1098 1994 καὶ
1131 1932 1169 1994 οὐ
1201 1931 1275 2000 τοὺς
1307 1933 1431 2002 αἰτίους.

204 2020 248 2085 Of.
272 2023 313 2085 ΙΙ.
339 2023 389 2085 62.
418 2022 488 2086 οὐδ’
512 2021 597 2092 είκδς
624 2021 773 2104 χαλεπῶς
800 2021 907 2102 φέρειν
935 2021 1041 2084 αὐτῶν
1063 2020 1185 2103 μᾶλλον
1208 2024 1227 2103 ἢ
1253 2021 1292 2084 οὐ
1309 2057 1352 2066 -
1368 2021 1430 2084 ὄλι-

202 2119 354 2196 γωρῆσαι.
423 2112 452 2174 4.
485 2109 580 2182 αὖθίς
611 2135 696 2182 τινας
719 2109 778 2193 -]
812 2108 906 2179 αὖθίς
938 2133 1004 2173 τινα
1028 2109 1132 2174 Reisk.
1156 2110 1244 2193 prob.
1269 2109 1431 2174 Linwood.

247 2199 1079 2374 γνίλὶίλίι377φ1.(ἀῖίἀδθθάίόνἑέόλίθωέίέάλώθοάρτιῆχειν]
1104 2289 1150 2378 ὅτι
1173 2289 1329 2360 ἀδύνατός
1352 2291 1432 2353 ἔστιν

204 2417 245 2425 -
271 2379 376 2443 Cobet.
446 2383 474 2443 2.
499 2381 558 2443 οάκ
582 2380 617 2454 ἐξ
640 2377 687 2444 ὧν
711 2381 751 2442 ἀν
774 2378 963 2462 χαρίζησθε]
988 2376 1061 2463 Leg.
1087 2379 1156 2443 οὐδ’
1182 2417 1236 2442 —-.

291 2468 350 2532 IH.
375 2470 425 2532 38.
452 2471 479 2531 1.
502 2476 548 2551 τῷ
571 2469 697 2553 παθεῖν]
721 2468 804 2532 Fort.
827 2473 883 2531 τοῦ
907 2469 1030 2532 παθεῖν.
1100 2471 1128 2531 2.
1152 2468 1206 2540 τάς
1228 2469 1262 2533 δὲ
1278 2470 1431 2551 ῆμετέρας

203 2559 257 2638 (se.
274 2557 407 2640 ἀδικίας]
424 2557 594 2640 ξυμφορὰς
608 2564 672 2628 τοῖς
688 2558 867 2640 ξυμμάχοις
883 2557 1027 2641 [βλαβεὶς]
1045 2559 1281 2642 καθισταμένας
1294 2558 1430 2640 Madvig.

204 2647 262 2724 Qu.
278 2646 333 2717 τάς
357 2647 385 2710 δ’
409 2648 563 2730 ῆμετέρας
586 2648 754 2730 ξυμφορὰς
775 2652 840 2717 τοῖς
856 2643 1034 2730 ξυμμάχοις
1056 2648 1179 2730 βλάβας
1202 2648 1251 2731 (ori
1275 2649 1430 2731 βλάβαςδ)

203 2737 446 2819 καθισταμένας.
516 2740 544 2800 4.
576 2736 654 2819 μετὰ
680 2736 964 2820 δεδοκιμασμένου]
998 2736 1081 2820 Lege
1113 2737 1191 2820 μετὰ
1219 2743 1275 2801 τοῦ
1306 2738 1429 2801 δεδοκι-

202 2827 377 2909 μασμένου.
1207 2877 1210 2882 .

290 2915 348 2979 Ill.
374 2917 423 2979 39.
449 2918 477 2978 2.
501 2918 587 2999 ἡμᾶς
619 2915 758 2998 στάντες]
792 2915 902 2980 Malim
930 2917 1054 2987 στάντες
1081 2918 1174 2998 ἡμᾶς.
1213 2916 1255 2980 nt
1278 2918 1323 2980 sio
1348 2916 1430 2980 Her-

202 3005 331 3070 werden
362 3004 498 3070 Lucubr.
527 3005 620 3089 Soph.
649 3027 678 3089 p.
708 3008 759 3069 43.
851 3005 1020 3076 ἀπόστασις
1056 3007 1116 3088 μέν
1153 3031 1188 3088 γε
1221 3005 1296 3088 (μὲν
1331 3005 1431 3088 γάρΡ)

200 3100 264 3159 τών
286 3095 389 3178 βίαιόν
424 3119 452 3158 τι
488 3095 678 3177 πασχόντων
712 3096 801 3159 ἐστίν.
880 3096 909 3157 4.
942 3095 1111 3179 εὐπραξία]
1150 3095 1234 3179 Lege
1267 3097 1430 3178 εὐπραγία.

202 3183 270 3260 Qua
298 3185 399 3249 forma
426 3187 474 3248 uti
505 3185 724 3267 Thucydidem
758 3189 891 3249 testatur
923 3184 1065 3250 Photius.
1104 3184 1150 3249 Cf.
1178 3187 1198 3248 l.
1223 3187 1273 3249 84.
1298 3187 1353 3249 IV.
1379 3186 1431 3247 65.

200 3274 239 3337 V.
263 3275 314 3337 46.
348 3274 420 3337 VH.
444 3274 495 3336 46.
528 3280 561 3338 et
592 3275 795 3357 κακοπράγια
828 3275 943 3357 legitur
974 3275 1015 3337 II.
1045 3275 1095 3337 60.
1128 3274 1185 3338 ΠΙ.
1216 3277 1265 3338 39.
1299 3274 1354 3338 IV.
1381 3275 1430 3339 79.

200 3362 288 3426 VIII.
314 3366 343 3426 2.
414 3365 441 3426 5.
464 3362 567 3447 μηδὲν
592 3364 755 3446 διαφέρων
780 3363 996 3446 διαφερόντως
1019 3363 1160 3446 Madvig)
1178 3401 1207 3408 —
1239 3365 1430 3447 τετιμῆσθαι.

244 3459 326 3535 χρῆν
355 3453 390 3516 δὲ
417 3451 653 3536 Μυτιληναίους
680 3454 733 3517 καὶ
761 3454 857 3517 πάλαι
889 3453 991 3536 μηδὲν
1024 3454 1231 3535 διαφέροντας
1259 3454 1295 3535 (l.
1320 3453 1429 3534 διαφε-

199 3542 335 3623 ρόντως,
367 3547 405 3606 ut
436 3547 484 3606 est
516 3543 550 3605 in
568 3542 604 3606 E.
627 3543 675 3623 G.)
706 3549 770 3607 τῶν
803 3543 908 3606 ἀλλων
940 3544 995 3625 ὑφ’
1028 3544 1123 3625 ῆμῶν
1154 3543 1345 3625 τετιμῆσθαι.
1385 3542 1429 3605 Of.

200 3629 293 3694 Dion.
318 3631 404 3696 (lass.
428 3631 619 3695 XXXVIII.
645 3633 695 3696 39.
722 3633 767 3715 μῆ
793 3631 851 3696 οὖν
877 3631 940 3695 άπὸ
963 3633 1093 3714 πρώτης
1117 3634 1214 3714 ἐχρῆν
1236 3631 1338 3714 μηδὲν
1362 3632 1429 3695 δια-

200 3721 365 3805 φερόντως
388 3723 473 3804 ῆμᾶς
494 3727 559 3785 τῶν
583 3721 688 3786 ἀλλων
712 3723 900 3803 ἀνθρώπων
923 3723 1092 3804 ηὐξῆσθαι.

289 3809 345 3875 ΙΙΙ.
363 3811 414 3874 40.
434 3813 460 3875 l.
480 3812 566 3894 λόγῳ
583 3810 705 3895 πιστὴν]
722 3812 809 3894 λόγῳ
825 3811 940 3894 κτητῆν
956 3811 1106 3876 Badhan.
1176 3813 1222 3882 ώς
1239 3813 1431 3895 ξυγγνώμην

200 3901 349 3982 ἁμαρτεῖν
373 3901 588 3982 ἀνθρωπίνως
610 3901 780 3985 λήψονται]
811 3900 869 3977 Qu.
893 3901 940 3971 ὡς
964 3903 1156 3985 ξυγγνώμην
1178 3908 1242 3966 τῶν
1266 3905 1431 3986 ἁμαρτιῶν

200 3988 255 4052 ἀπ’
279 3991 466 4073 ἀνθρώπων
489 3991 557 4072 (aut
580 3991 626 4060 ὡς
654 3991 846 4072 ἁμαρτόντες
869 3991 1095 4072 ἀνθρωπίνως]
1124 3991 1285 4074 λήψονται.
1355 3992 1429 4074 ξύγ-

200 4102 332 4161 γνωμον
357 4078 385 4144 δ’
410 4079 470 4143 ἐστὶ
493 4079 529 4143 τὸ
553 4078 716 4166 ἀκούσιον]
742 4078 799 4155 Qu.
824 4082 1016 4163 ξυγγνώμην
1041 4079 1069 4145 δ’
1093 4082 1156 4163 ἔχει
1181 4118 1235 4143 -.
1266 4081 1309 4145 Of.
1335 4081 1427 4163 Soph.

198 4168 247 4232 Tr.
273 4171 344 4232 328.
368 4168 443 4232 Eur.
468 4168 524 4232 Ph.
551 4170 644 4233 1009.
669 4173 726 4232 eto.
796 4170 824 4231 3.
848 4171 932 4251 ὑμᾶς
960 4170 989 4233 δ’
1014 4170 1129 4240 αὐτοὺς
1151 4170 1273 4251 μᾶλλον
1298 4171 1427 4234 δικαιώ-

199 4258 309 4342 σεσθε]
343 4259 427 4341 ὑμᾶς
456 4297 497 4306 -
527 4258 805 4323 ἀποδικαιώσεσθε
839 4258 1035 4324 confidenter
1069 4261 1245 4342 reposuerit
1278 4259 1428 4324 Badham.

244 4347 470 4432 δικαιώσεσθε]
505 4348 686 4412 δικαιώσετε
718 4347 827 4412 Elmsl.
856 4348 897 4411 ad
924 4348 999 4413 Her.
1024 4350 1098 4412 876.
1133 4353 1165 4411 et
1196 4349 1235 4411 ad
1268 4348 1351 4411 Med.
1377 4349 1427 4410 93.

243 4438 272 4501 4.
296 4437 383 4520 παρά
415 4437 450 4501 ιδ
487 4436 571 4508 εἰκός
607 4462 654 4501 τοι
686 4438 739 4501 καὶ
774 4439 887 4502 τούσδε
924 4438 1102 4520 ξυμφόρως
1141 4438 1188 4501 δεῖ
1218 4438 1427 4522 κολάζεσθαι]

198 4526 282 4597 εἰκός
304 4551 351 4591 τοι
373 4527 426 4591 καὶ
448 4527 561 4591 τούσδε
585 4527 763 4610 ξυμφόρως
782 4529 974 4602 κολάζεσθαι
990 4527 1142 4591 Badhanr.
1213 4528 1241 4590 5.
1265 4527 1318 4590 καὶ
1344 4527 1426 4592 διόλ-
