3576 5340
330 363 350 423 8
850 376 1037 424 τευστοωω

418 539 443 604 Ι.
469 539 519 601 62.
546 539 572 600 la
597 535 771 620 στρατηγὸν
792 535 852 619 μὲν
875 536 950 620 (μὲν
973 533 1095 648 οὗν(Ξ.]
1117 540 1173 599 τοῦ
1193 537 1258 615 (τού
1276 533 1360 598 GGG.
1384 540 1439 598 wG
1465 534 1556 618 GGG

330 601 401 712 pr.)
411 630 576 702 πεζοῦ-
598 628 717 780 ᾕρηντο
736 625 889 709 Ἂριστέα,
917 632 972 709 τῆς
1001 625 1074 689 GG’
1058 649 1156 690 ιππου
1180 624 1373 707 Περδίκκαν.
1413 624 1558 689 Scriben-

331 719 409 782 dum
432 717 560 782 videtur
583 721 638 780 aut
660 715 832 799 στρατηγὸν
854 715 914 798 μὲν
938 713 995 779 οὖν
1017 720 1073 778 τού
1097 713 1261 788 πεζού-
1268 718 1362 787 ,aut
1385 713 1557 797 στρατηγὸν

332 807 367 872 δὲ
382 813 438 870 τοῦ
453 806 513 889 μὲν
529 808 641 880 πεζοῦ,
658 811 713 869 ete.
784 804 851 867 2.’
833 830 872 888 ην
889 805 957 869 GG
940 830 959 888 η
976 805 1088 887 γνώμη
1105 827 1161 867 του
1145 803 1384 886 Ἀριστέως
1353 826 1447 866 το-
1464 827 1555 886 στρα-

330 897 466 962 τόπεδον
489 898 590 979 ἔχοντι
613 896 735 978 (ἔχοντα
759 899 844 960 reete
861 894 896 958 G.
921 895 958 959 ef.
976 893 1016 957 ad
1034 894 1116 974 107.)
1134 931 1175 940 —
1193 893 1350 976 ε’πιτηρεῖν
1369 892 1442 963 τοὺς
1460 891 1556 976 Ἀθη-

332 987 447 1057 ναίους.
516 984 555 1068 ἦν
579 985 613 1048 δὲ
637 985 793 1067 ῆγνάιμη
823 991 878 1048 τοῦ
897 982 1062 1067 Ἀριστέως
1088 982 1123 1046 τδ
1146 981 1206 1065 μὲν
1229 981 1304 1064 μεθ’
1328 983 1441 1047 ἑαυτοῦ
1466 1005 1557 1065 στρα-

332 1076 467 1139 τόπεδον
501 1073 625 1158 [ἔχοντι]
658 1075 692 1137 έν
722 1081 769 1156 τῷ
801 1075 909 1156 ἰσθμῷ
936 1075 1089 1156 ἐπιτηρεῖν
1114 1110 1155 1117 -
1180 1071 1321 1154 Madvig,
1344 1071 1414 1135 cell.
1439 1072 1480 1136 ad
1502 1071 1558 1135 ΙΙΙ.

335 1167 384 1229 12.
410 1167 438 1226 2.
482 1162 539 1239 Qu.
573 1163 668 1227 αύτδν
700 1162 760 1245 μὲν
795 1163 831 1226 τὸ
864 1161 939 1245 μεθ’
973 1164 1086 1226 ἑαυτοῦ
1123 1161 1336 1244 στράτοπεδον
1368 1162 1479 1242 ἔχοντα
1505 1199 1559 1222 -.

377 1253 505 1337 ἔχοντα]
530 1255 630 1336 ἔχοντι
654 1253 692 1316 al.
717 1257 748 1316 et
775 1253 821 1316 sie
844 1252 942 1316 Bekk.
968 1250 1065 1314 Goell.
1090 1251 1186 1334 Popp.
1225 1250 1316 1314 Male.
1357 1250 1443 1314 “The
1467 1270 1560 1314 aecu-

334 1345 433 1408 sative
458 1345 568 1426 ἔχοντα
591 1343 620 1406 is
636 1341 807 1426 supported
827 1341 870 1424 by
893 1341 1096 1424 βοηθοῦντας
1118 1338 1310 1423 following.''
1335 1338 1457 1420 (Linw.)
1480 1339 1559 1403 κατὰ

333 1433 437 1498 νώτου
454 1433 599 1516 (νῶτονλ)
614 1433 825 1515 βοηθοῦντας.
895 1433 922 1494 3.
943 1429 1085 1514 εἵργωσι]
1101 1429 1170 1494 Ιιιιο
1187 1431 1327 1512 εἴργωσι,
1344 1429 1560 1513 impediant.

321 1599 322 1602 Ἴ
378 1522 434 1606 τὴν
459 1559 499 1567 -
525 1522 687 1585 διακοσίαν
710 1521 926 1604 (διακοσίωνλ)
949 1521 1054 1584 ἵππον.

423 1629 447 1694 Ι.
473 1631 523 1692 63.
550 1630 577 1691 l.
601 1631 620 1711 G
645 1627 695 1692 ε’πῖ
722 1635 776 1710 τῆς
799 1627 960 1692 Ὀλύνθου
985 1629 1004 1710 G
1029 1628 1061 1697 ές
1083 1625 1270 1709 Ποτίδαιαν]
1299 1624 1388 1690 Haec
1415 1631 1451 1689 ut
1474 1627 1561 1689 addi-

335 1724 511 1784 tamentum
527 1718 683 1802 expungit
697 1717 804 1781 Herw.
873 1717 979 1800 ἐπειδὴ
1000 1715 1077 1800 (ἐπεὶ
1092 1720 1177 1781 reete
1194 1712 1237 1796 0.)
1255 1715 1289 1779 δὲ
1307 1713 1356 1779 διὰ
1372 1716 1489 1798 τάχους
1505 1720 1561 1780 ete.

381 1811 409 1870 2.
433 1807 578 1891 ἠπόρησε
599 1807 659 1890 μὲν
682 1808 864 1890 ὁποτέρωσε
888 1806 1127 1888 διακινδυνεύση
1144 1804 1403 1888 (διακινδυνεύσει
1426 1811 1510 1870 recte
1526 1805 1561 1869 B.

337 1898 581 1963 διακινδυνεύσει
604 1897 637 1961 F.
662 1917 713 1980 qu.
739 1895 1020 1977 διακινδυνεύσειε).

424 2005 449 2070 Ι.
474 2006 524 2068 64.
551 2006 577 2066 1.
602 2005 796 2086 γιγνομένοις
812 2004 1008 2085 (γενομένοις
1025 2001 1060 2066 G.
1076 2001 1207 2066 fortasse
1222 2003 1327 2080 recte).
1390 2002 1562 2086 Ἂσωπίου]

336 2096 426 2159 Idem
451 2113 566 2158 nomen
589 2092 646 2156 ΠΙ.
673 2094 699 2154 7.
725 2098 755 2156 et
778 2093 874 2156 schol.
898 2093 994 2155 Arist.
1018 2092 1090 2156 Pae.
1116 2093 1188 2154 347.
1207 2091 1385 2174 Ἀσώπιχος
1408 2096 1455 2156 est
1479 2093 1563 2176 apud

337 2185 429 2248 Paus.
452 2184 477 2249 Ι.
502 2184 553 2252 23.
580 2183 629 2245 10.
653 2181 694 2244 Χ.
720 2183 769 2244 1ι1.
795 2183 822 2244 6.
861 2182 1006 2246 Fortasse
1030 2186 1122 2245 reete.

426 2274 450 2337 Ι.
475 2273 526 2334 65.
552 2274 580 2334 2.
604 2273 761 2354 ἔπρασσεν
784 2271 847 2354 ὅπη
872 2271 984 2353 (ὅπως)
1008 2270 1128 2354 ὠφελία
1151 2294 1195 2341 τις
1218 2271 1384 2354 γενήσεται.
1443 2271 1563 2355 ὠφελία

337 2362 396 2446 τις]
422 2360 479 2437 Gn.
504 2361 639 2445 ὠφελειά
663 2385 714 2431 τις.

427 2469 450 2532 Ι.
476 2471 526 2533 66.
549 2466 816 2551 προσγεγένηντο]
841 2467 1145 2550 προεγεγένηντοΕ.
1183 2465 1267 2550 Lege
1289 2469 1563 2581 προσεγεγένηντο.

426 2559 450 2624 Ι.
476 2560 526 2622 67.
552 2561 580 2621 2.
613 2557 972 2641 προσπαρακαλέσαντες
1007 2562 1072 2620 τῶν
1109 2558 1289 2640 ξυμμάχων
1320 2581 1351 2621 τε
1378 2558 1433 2621 καὶ
1465 2559 1496 2621 εἴ
1521 2559 1565 2629 τίς

337 2672 373 2799 η]
396 2647 635 2812 GGGodGGGGog?
642 2647 703 2729 )’
684 2671 746 2731 εφη
779 2647 960 2730 ἠδικῆσθαι.
1050 2652 1114 2710 τῶν
1146 2647 1326 2729 ξυμμάχων
1357 2671 1388 2710 τε
1421 2650 1468 2729 (τε
1495 2649 1564 2712 dele

364 2755 469 2800 mwoo

427 2826 452 2891 Ι.
476 2826 527 2890 68.
554 2827 581 2888 l.
605 2824 843 2909 ἀπιστοτέρους]
868 2825 912 2888 Of.
936 2825 1092 2889 Anaxilas
1116 2826 1231 2888 Athen.
1255 2826 1295 2889 ΙΙ.
1313 2825 1450 2889 63Β.α“
1475 2827 1563 2970 ε’μέλ-

339 2915 500 2997 λομεν-
524 2913 996 2998 βλάπτεσθαι(1.βλάψεσθαι).

429 3021 453 3084 Ι.
479 3023 529 3084 69.
554 3023 583 3083 4.
606 3021 660 3088 τάν
687 3045 719 3084 τε
742 3020 802 3103 γάρ
826 3020 946 3104 Μῆδον
970 3021 1058 3084 αὐτοὶ
1081 3019 1207 3102 (αύτδνῖ
1214 3022 1375 3104 )ἴσμεν’
1360 3047 1396 3086 εκ
1419 3023 1566 3106 περάτων

340 3117 399 3194 γῆς
414 3147 457 3156 -
473 3110 683 3191 ἓλθόντα](
644 3109 740 3173 GGV
742 3109 782 3172 Π.
806 3112 858 3174 42,

429 3218 453 3280 Ι.
472 3218 521 3280 70.
539 3219 567 3278 2.
592 3217 642 3280 έπὶ
658 3218 702 3299 (ἒν
717 3222 785 3282 rect
773 3215 851 3281 GeO.
868 3217 915 3298 E.)
931 3223 994 3288 τοῖς
1011 3218 1123 3289 δεινοῖς
1138 3219 1304 3290 εὐέλπιδες.
1373 3221 1489 3284 οἴονται
1505 3219 1565 3303 γὰρ

341 3309 372 3371 οί
393 3305 452 3389 μέν
467 3313 504 3420 τη]
520 3307 657 3390 ἀπουσίᾳ
674 3307 712 3370 άν
728 3332 753 3371 τι
776 3308 912 3371 κτᾶσθαι
936 3308 1208 3390 (κτήσασθαιᾘ)
1191 3315 1280 3390 υμεῖς
1297 3307 1331 3372 δέ
1354 3315 1399 3392 τῷ
1424 3311 1566 3374 ἐπελθεῖν
1615 3363 1616 3366 ,

340 3395 453 3460 καὶτὰ
477 3397 584 3479 ἑτοῖμα
601 3398 640 3460 ἂν
661 3397 790 3480 βλάψαι.
858 3399 1046 3480 κρατοῦντές
1068 3423 1100 3462 τε
1123 3398 1202 3481 (δεῖ)
1226 3403 1283 3463 eto.
1353 3399 1402 3462 επῖ
1424 3400 1566 3463 πλεῖστον

342 3488 520 3570 εξέρχονται
548 3487 798 3570 (ἕπεξέρχονταιῖ
838 3487 882 3550 Of.
907 3506 1002 3571 supra
1025 3491 1057 3551 ε(
1080 3489 1180 3567 infra).
1254 3492 1317 3558 τοῖς
1339 3487 1399 3570 μὲν
1422 3512 1567 3570 σωμασιν

342 3576 598 3659 ἀλλοτριωτάτοις
615 3576 673 3660 -]
699 3576 743 3640 Of.
760 3576 853 3640 Isocr.
871 3575 988 3660 Paneg.
1005 3575 1135 3660 alicubi,
1160 3576 1257 3659 ὀλίγοι
1275 3576 1357 3660 πρὸς
1372 3577 1490 3648 πολλὰς
1505 3602 1566 3660 μυ-

342 3666 467 3749 ριάδας,
491 3665 600 3748 ὥσπερ
621 3667 654 3728 έν
675 3665 847 3748 ἀλλοτρίαις
866 3672 984 3749 ψυχαῖς
1003 3666 1167 3748 μέλλοντες
1188 3667 1387 3731 κινδυνεύειν.
1410 3667 1514 3749 Είγυι.
1525 3668 1566 3732 Μ.

343 3754 552 3837 έτερόγναθος
568 3756 677 3824 ῖπποςε
702 3756 720 3818 G
737 3754 986 3837 σκληράστομος,
1008 3754 1076 3818 οἷον
1092 3756 1111 3820 6
1125 3761 1191 3826 ταῖς
1207 3756 1338 3838 γνάθοις
1353 3757 1400 3827 ὡς
1414 3757 1459 3839 μὴ
1477 3757 1568 3828 ἰδίαις

342 3845 517 3927 χρώμενος.
556 3841 677 3908 Seneca
705 3843 823 3908 consol.
848 3846 866 3926 G
891 3845 919 3907 3.
949 3845 1106 3910 ‘veterani
1129 3881 1171 3890 -
1195 3846 1282 3909 velut
1309 3846 1413 3911 aliena
1436 3865 1569 3929 corpora

343 3933 485 3998 exsecari
513 3933 695 4014 patiuntur?
763 3935 793 3995 4.
821 3934 1003 4019 ε’ξέλθωοιν]
1037 3935 1249 4008 ἐπεξέλθωσιν
1275 3935 1391 3999 melius
1415 3935 1447 3998 C.
1471 3934 1506 3999 Ε.
1532 3936 1567 3999 (Ξ.

343 4023 455 4086 ἕλωσιν
478 4021 629 4085 Badhem.
698 4023 796 4086 οἰκεῖα
820 4023 983 4105 στέρεσθαι
1007 4024 1253 4106 (στερίσκεσθαιλ
1278 4022 1318 4088 cf.
1341 4024 1411 4099 77].
1480 4025 1567 4107 ὀλίγα

342 4111 424 4194 πρὸς
446 4109 483 4174 τά
506 4111 658 4194 μέλλοντα
690 4117 791 4194 τυχεῖν
814 4112 1002 4196 πράξαντες]
1036 4113 1123 4195 ὀλίγα
1151 4113 1233 4197 πρὸς
1260 4113 1296 4176 τὰ
1324 4113 1464 4195 μέλλοντ’
1487 4116 1568 4197 ἔχειν

343 4200 541 4287 [πράξαντες]
570 4200 720 4264 Badham.
790 4204 818 4264 5.
842 4201 894 4264 καὶ
916 4203 995 4285 μήτε
1017 4203 1053 4286 (l.
1075 4203 1174 4286 μηδὲ]
1197 4202 1310 4286 ἑορτὴν
1332 4203 1408 4267 ἄλλο
1435 4228 1462 4266 τι
1484 4205 1566 4286 ἡγεῖ-

344 4291 420 4354 σθαι
443 4293 462 4374 G
487 4296 544 4355 ete.
612 4292 690 4373 μήτε
713 4289 786 4361 τοὺς
809 4290 923 4361 ἄλλους
947 4291 1175 4376 [ἀνθρώπους]
1204 4293 1259 4356 έᾶν
1283 4291 1389 4356 Cobet.

431 4382 456 4444 I.
482 4383 532 4444 71.
558 4382 586 4444 3.
611 4380 720 4463 διόπερ
743 4379 796 4443 καὶ
811 4379 848 4442 τὰ
863 4385 927 4444 τῶν
946 4380 1127 4463 Ἀθηναίων
1144 4419 1185 4428 -
1202 4381 1252 4444 έπλ
1267 4381 1363 4445 πλέον
1386 4383 1480 4464 ὑμῶν
1495 4383 1525 4466 (i.
1542 4401 1567 4445 e.

343 4473 407 4534 τῶν
430 4469 531 4554 ὑμῶν,
555 4470 575 4531 i.
593 4490 618 4535 e.
642 4473 661 4553 G
685 4469 721 4532 τά
745 4470 847 4554 ὑμῶν,
872 4470 958 4554 quod
981 4471 1112 4536 fortasse
1134 4469 1372 4555 reponendum).
1411 4472 1489 4536 Mox
1511 4492 1568 4556 pre
