3510 5338
359 411 403 474 54
881 423 1069 470 reveremur

449 589 488 651 V.
514 589 564 650 71.
591 589 617 649 1.
641 584 854 669 προστέλλειν]
883 584 1057 667 προσείλειν
1081 582 1310 668 [προσειλεῖνΡ]
1335 588 1390 646 aut
1412 582 1590 665 προσίλλειν

360 679 450 742 malit
466 677 617 742 Badham.
651 674 709 752 Qu.
725 674 923 757 προσκλίνειν
940 677 995 737 aut
1009 673 1249 755 προσκεπάζειν.
1319 674 1346 736 3.
1364 673 1511 746 ἐξισῶσαι
1525 678 1591 742 τοῖς

360 766 581 851 Μαντινεῦσιν]
615 764 661 829 Of.
684 763 740 828 VI.
765 766 816 827 87.
849 764 1052 837 ἕξισώσαντες
1078 767 1143 832 τοῖς
1170 762 1281 832 ἄλλοις.
1349 767 1441 825 τοῦτο
1464 761 1589 845 παρήγ-

363 857 468 941 γελλεν
491 854 698 939 (παρήγγελεν
722 853 757 916 G.
782 873 834 936 qu.
857 852 1075 935 παρήγγειλεν)
1098 850 1242 914 ἀπὸτοῦ
1266 851 1371 924 δεξιοῦ
1394 851 1507 933 κέρως.

452 946 488 1008 V.
514 946 564 1008 72.
590 946 617 1006 l.
641 944 676 1017 ἐξ
690 943 805 1025 ’ὀλίγου
834 939 1088 1024 παραγγείλαντι]
1118 939 1158 1003 δι’
1182 941 1288 1022 ἀλίγου
1305 945 1449 1004 —reete
1472 938 1589 1022 Horu,

361 1035 430 1099 coll.
455 1035 506 1096 65.
541 1034 612 1116 §5.
637 1033 688 1095 66.
722 1033 740 1114 ᾖ
768 1033 794 1094 1.
819 1032 870 1094 69.
904 1032 975 1113 62.
1043 1032 1229 1112 προσμῖξαι,
1262 1029 1307 1113 μὴ
1342 1030 1520 1113 δυνηθῆναι
1549 1031 1592 1092 ἔτι

361 1124 428 1207 (sio)
451 1123 603 1186 Badham.
671 1127 735 1192 τοῖς
757 1121 982 1204 πρεσβυτέροις
1006 1119 1058 1183 καί
1080 1119 1170 1182 πέντε
1193 1119 1300 1201 λόχοις
1322 1118 1531 1201 (πεντελόχοις
1555 1117 1591 1179 G.

361 1218 393 1278 et
415 1213 447 1276 F.
472 1232 551 1276 corr.
575 1215 672 1292 reete,
697 1209 821 1294 opinor)
844 1210 1094 1291 ὠνομασμένοις.
1184 1210 1265 1272 ἔστιν
1288 1210 1344 1278 οὓς
1371 1208 1425 1271 καί
1447 1231 1590 1271 καταπα-

360 1300 529 1386 τηθέντας]
563 1298 605 1364 Cf.
638 1297 721 1363 Xen.
750 1298 853 1362 Anab.
877 1297 932 1361 VI.
962 1301 991 1373 2,
1017 1299 1044 1362 6.
1083 1299 1145 1361 ἔστι
1179 1297 1207 1360 δ’
1240 1300 1274 1361 οἳ
1301 1297 1355 1360 καλ
1389 1297 1592 1379 Ξενοφῶντα.

361 1392 456 1454 Isocr.
480 1411 509 1473 p.
534 1391 607 1452 283.
632 1390 693 1451 ἔστι
717 1386 746 1450 δ’
769 1389 827 1458 οὓς
849 1387 903 1451 καὶ
925 1388 1060 1451 ἐπαινεῖν
1084 1387 1207 1458 αὐτούς.
1236 1387 1311 1450 Eur.
1335 1385 1384 1449 Fr.
1409 1388 1482 1450 566.
1511 1388 1593 1450 ἔστιν

362 1480 410 1550 οἷς
436 1480 506 1563 βίος
531 1479 574 1558 Ιό
601 1476 717 1560 μικρός
749 1475 867 1559 εὐκράς
898 1476 1026 1559 ἐγένεθ’.
1095 1479 1123 1538 2.
1157 1474 1422 1560 [ἕλασσωθέντες]
1455 1475 1523 1538 τότε
1554 1483 1592 1558 τῇ

362 1568 475 1651 ἀνδρίᾳ
498 1566 641 1651 Madvig,
665 1568 721 1650 qui
744 1567 784 1630 ad
807 1570 980 1647 utrumque
1003 1566 1146 1629 dativum
1174 1567 1332 1648 pertinere
1355 1564 1593 1647 περιγενόμενοι

363 1658 542 1722 arbitratur.
582 1655 640 1733 Qu.
664 1657 724 1719 οὐκ
755 1656 988 1727 ἀλασσωθέντες
1011 1655 1079 1718 τότε
1100 1661 1138 1738 τῇ
1161 1654 1304 1737 ἀνδρείᾳ,
1333 1659 1388 1718 aut
1409 1655 1594 1736 νικήσαντες

362 1746 592 1831 (ὑπερσχόντες)
616 1783 671 1808 -.
763 1746 792 1808 3.
824 1750 879 1808 τοῦ
911 1744 957 1828 μὴ
991 1745 1114 1828 φθῆναι
1141 1743 1197 1827 τὴν
1221 1741 1443 1828 ἀγκατάλητγιν]
1477 1743 1531 1808 Ne
1555 1763 1594 1807 se

363 1836 645 1901 circumventio
668 1837 975 1918 praeoccuparet.
999 1832 1150 1917 (Madvig)

453 1942 491 2005 V.
518 1943 568 2006 73.
595 1943 621 2005 l.
653 1941 689 2005 τὸ
720 1946 785 2006 τῶν
812 1941 963 2024 Ἀργείων
994 1940 1048 2004 καλ
1080 1940 1144 2023 (καί
1175 1945 1239 2003 τῶν
1262 1939 1379 2021 Herw.)
1412 1940 1594 2023 ξυμμάχων

365 2034 562 2114 στράτευμαι.
632 2033 660 2093 5.
689 2030 743 2095 καὶ
769 2036 833 2094 τῶν
859 2030 920 2113 μὲν
947 2028 1135 2093 Μαντινέων
1162 2029 1217 2092 καλ
1240 2030 1322 2112 (ota)
1355 2030 1481 2100 πλείους
1505 2029 1593 2113 διεφ-

364 2122 521 2204 θάρησαν.

454 2227 493 2289 V.
518 2229 568 2290 75.
593 2230 621 2289 2.
645 2226 786 2309 Κάρνεια
810 2225 871 2309 γὰρ
894 2227 1000 2296 αὐτοῖς
1021 2226 1193 2308 ἐτύγχανον
1216 2227 1291 2309 (imo
1308 2225 1485 2309 ἐτύγχανεν)
1509 2227 1594 2289 ὄντα.

366 2317 410 2381 Of.
428 2319 456 2399 6,
476 2319 526 2380 62.
596 2319 624 2379 3.
647 2323 685 2400 τῇ
709 2316 744 2380 δὲ
766 2316 937 2398 προτεραίᾳ
962 2315 1090 2399 [ἡμέρᾳ]
1115 2313 1221 2380 Cobet.
1244 2314 1352 2380 Herw.
1392 2315 1524 2380 011111.
1543 2317 1594 2378 51.

364 2413 402 2490 τῇ
424 2406 484 2489 μὲν
506 2407 677 2489 προτεραίᾳ
701 2443 742 2452 -
766 2412 803 2489 τῇ
828 2405 856 2468 δ’
879 2404 1034 2488 ὑστεραίᾳ.
1104 2407 1133 2468 5.
1157 2405 1436 2488 ξυγκαταλιπόντες
1460 2406 1596 2476 ἅπαντες

365 2497 437 2579 (om.
461 2495 497 2558 B.
521 2495 608 2579 prob.
632 2494 757 2578 Hervv.).

454 2603 493 2666 V.
519 2604 568 2666 76.
593 2605 622 2666 2.
646 2603 814 2687 ἐβούλοντο
839 2601 874 2665 δὲ
897 2607 1026 2684 πρῶτον
1050 2601 1190 2672 σπονδὰς
1206 2603 1391 2685 ποιήσαντες
1407 2603 1590 2686 (ποιησάμε-

365 2695 435 2758 νοιλ
461 2694 497 2758 ef.
522 2694 585 2776 47.)
608 2692 689 2776 πρὸς
712 2690 785 2763 τοὺς
808 2691 1083 2774 Λακεδαιμονίους
1111 2690 1205 2762 αὖθις
1232 2693 1362 2775 ὕστερον
1389 2692 1443 2756 καὶ
1466 2695 1594 2775 ξυμμα-

365 2784 436 2866 χίαν
460 2782 513 2846 καί
537 2782 601 2864 (καί
624 2781 719 2851 αὗθις
741 2783 872 2864 ὕστερον
896 2781 950 2844 καλ
973 2782 1193 2864 ξυμμαχίανῗ)
1217 2782 1318 2852 οὕτως
1342 2783 1403 2866 ἤδη
1428 2790 1475 2864 τῷ
1499 2781 1595 2865 δήμῳ

367 2872 570 2935 ἐπιτίθεσθαι.
638 2873 813 2954 ἀφικνεῖται
837 2907 877 2917 -
904 2870 964 2933 δύο
996 2870 1083 2953 λόγω
1116 2870 1227 2953 φέρων
1259 2872 1292 2941 ἒς
1322 2870 1357 2934 τὸ
1378 2870 1508 2954 Ἄργος,
1540 2871 1595 2934 τὸν

365 2961 425 3044 μὲν
440 2961 519 3025 καθ’
535 2961 595 3024 ότι
611 2959 699 3041 (καθ’
716 2961 753 3023 ὃν
769 2959 886 3041 ἔσταιῗ)
907 2960 935 3022 εἰ
947 2959 1114 3042 βούλονται
1133 2960 1290 3042 πολεμεῖν,
1314 2960 1368 3024 τδν
1386 2960 1414 3023 δ’
1431 2961 1478 3031 ὡς
1493 2961 1525 3043 (l.
1542 2959 1595 3042 αὗ)

367 3051 396 3114 εἰ
416 3050 542 3133 είρήνην
565 3050 658 3130 ἄγειν.

456 3156 495 3218 V.
521 3156 571 3219 77.
597 3156 624 3219 1.
657 3155 791 3219 καττάδε
823 3155 915 3219 δοκεῖ
942 3156 977 3238 (l.
1002 3155 1114 3238 δοκίει)
1138 3161 1194 3220 etc.
1263 3156 1497 3241 ξυμβαλέσθαι]
1526 3157 1595 3221 Ιυιο

366 3245 601 3328 συμβαλέσθαι,
626 3245 727 3310 etsie
750 3246 783 3308 in
807 3264 893 3328 seqq.
963 3245 1141 3330 ἒκβῶντας]
1167 3244 1224 3322 Qu.
1248 3247 1409 3330 ε’κβᾶντας.
1450 3247 1595 3310 Alterum

368 3334 579 3405 ἀποδιδόντας
595 3335 752 3419 expungit
766 3334 873 3398 HerW.
919 3335 1136 3420 ἀναιροῦντας]
1153 3336 1221 3398 1ωο
1239 3335 1443 3418 ἀναιρίοντας.
1490 3338 1518 3398 2.
1534 3360 1594 3399 πο-

368 3424 510 3509 λεμίους]
538 3424 623 3509 Lege
645 3425 814 3507 πολεμίως.
882 3424 953 3508 περὶ
982 3425 1017 3489 δὲ
1044 3430 1090 3488 τῶ
1119 3427 1193 3506 (imo
1216 3431 1261 3489 τῶ
1285 3425 1340 3504 τῶ)
1364 3430 1424 3488 σιῶ
1447 3426 1595 3508 σύματος.

413 3513 539 3598 ἐμελῆν]
572 3515 646 3597 έμεν
677 3515 735 3599 λῆν
758 3515 791 3579 F.
824 3515 937 3599 ἀμέλην
960 3515 999 3577 A.
1020 3515 1055 3578 B.
1094 3515 1176 3579 rort.
1201 3515 1300 3597 δόμεν
1322 3515 1388 3597 λῆν.
1426 3515 1486 3578 Vel
1511 3513 1597 3596 εἶμεν

369 3605 435 3686 λῆν,
468 3623 506 3668 se
539 3604 638 3668 velle
670 3623 761 3669 esse.
832 3606 859 3668 3.
893 3603 1102 3688 αὐτονόμους]
1125 3603 1210 3686 Lege
1233 3604 1428 3685 αὐτονόμως.
1498 3602 1595 3688 εἶμεν]

369 3692 450 3777 ἦμεν
465 3693 593 3758 Ahrens
608 3692 682 3757 Dor.
701 3714 730 3777 p.
748 3694 821 3755 322.
838 3699 870 3758 et
886 3694 936 3756 79.
953 3694 972 3773 ξ
992 3695 1018 3756 l.
1087 3693 1269 3775 ἀλεξέμεναι
1292 3693 1424 3778 ἀμαθεῖ]
1448 3694 1595 3776 ἀλεξέμε-

370 3805 420 3845 ναι
440 3785 624 3864 corruptum
643 3781 737 3845 habet
752 3782 878 3845 Ahrens
891 3779 930 3844 D.
946 3780 1020 3845 Dor.
1035 3801 1065 3864 p.
1083 3783 1165 3863 303.‚
1189 3783 1243 3864 qui
1267 3780 1459 3846 Laconicum
1482 3783 1596 3866 ἀλέξην

369 3870 504 3952 requirit
525 3867 563 3932 D.
579 3867 654 3933 Dor.
677 3890 706 3953 p.
724 3870 797 3933 481.
836 3869 919 3935 Fert.
943 3871 1092 3952 ἀλεξέμεν
1115 3870 1239 3952 ἀμαθεῖ.
1307 3872 1595 3956 βουλευσαμένους]

369 3960 454 4043 Lege
476 3959 749 4041 βουλευσαμένως.
818 3958 899 4042 ὅπᾳ]
931 3960 956 4024 Ι.
981 3978 1009 4041 q.
1038 3959 1137 4030 ὅπως.
1176 3958 1233 4036 Qu.
1258 3961 1330 4024 ὅπα.
1400 3961 1498 4046 δοκῇ]
1526 3961 1596 4025 Imo

372 4050 473 4132 δοκίγγ.
512 4047 557 4112 cf.
581 4047 622 4112 ad
644 4049 741 4112 Arist.
761 4047 834 4131 Lys.
856 4049 1040 4112 198.1148.
1110 4050 1138 4111 4.
1163 4051 1197 4112 ai
1218 4051 1254 4114 δέ
1276 4075 1302 4112 τι
1331 4050 1429 4135 δοκῇ]
1457 4050 1542 4133 Lege
1564 4053 1600 4114 αἰ

372 4138 408 4202 δέ
438 4161 480 4201 κα
514 4137 615 4201 δοκί.
705 4137 884 4223 ἀπιάλλην]
923 4136 966 4201 Of.
993 4138 1232 4203 Archestratum
1265 4161 1313 4223 ap.
1339 4141 1452 4205 Athen.
1477 4141 1540 4203 321
1557 4141 1596 4203 A.

370 4227 510 4311 μεγάλου
535 4226 564 4289 δ’
587 4223 652 4290 ἀπὸ
674 4232 781 4310 χεῖρας
803 4227 894 4290 ἴαλλε.

460 4333 499 4399 V.
524 4334 574 4397 79.
600 4334 628 4396 1.
650 4333 879 4398 κοινανεόντων
903 4332 1012 4398 Valck.
1037 4333 1076 4397 ad
1099 4333 1219 4400 Phoeu.
1245 4337 1316 4399 196.
1344 4342 1455 4400 κοινᾶν
1479 4337 1597 4401 ἐόντων

371 4424 612 4507 (κοινανεόντων
628 4422 748 4506 Cobet.)
762 4428 818 4487 τόν
834 4422 984 4486 σπονδᾶν.
1023 4421 1107 4508 Lege
1122 4425 1355 4489 κοινανιόντων.
1422 4432 1478 4490 τᾶν
1499 4451 1595 4490 σπον-

373 4514 432 4578 δᾶν
454 4513 508 4578 καὶ
530 4519 586 4578 τᾶν
602 4517 783 4599 ξυμμαχιιῖν
803 4517 868 4598 (τᾶς
883 4514 1064 4598 ξυμμαχίας
1079 4517 1164 4581 recte
1181 4513 1308 4598 Cobet).
1369 4517 1405 4579 2.
1429 4517 1464 4580 αί
1485 4517 1519 4582 δὲ
1541 4540 1597 4581 ποι
