3576 5340
319 353 338 416 6
840 369 1028 418 unucunmus

315 538 375 613 μὲν
404 529 445 616 [εἰ
466 527 617 616 θόνασθε]
641 530 765 614 μηδένα
793 529 905 594 άλ-λον
932 529 987 592 έᾶν
1014 528 1188 610 κεκτῆσθαι
1219 533 1297 597 ναῦς
1321 526 1442 606 Cobet„
1475 526 1544 590 coll.

207 687 208 690 ,
316 619 406 684 Dein.
431 618 483 683 Or.
506 619 605 684 Lvil.
632 620 658 681 1.
681 619 814 702 μάλιστα
836 619 896 701 μὲν
920 618 961 702 [εἰ
982 615 1128 700 δυνατὸν]
1153 653 1194 663 -
1219 618 1248 680 εἰ
1269 615 1303 680 δὲ
1325 615 1458 698 μὴκτλ.

408 707 432 770 Ι.
450 709 500 772 36.
520 711 547 772 1.
569 708 623 772 καί
646 709 711 790 ὅτῳ
735 709 782 790 (εἴ
795 709 878 791 τῳῖ)
901 708 976 772 τάόε
992 707 1193 789 ξυμφέροντα
1209 704 1269 788 μὲν
1286 705 1377 769 δοκεῖ
1388 705 1543 787 λέγεσθαι.

363 800 391 861 3.
414 805 469 883 τῆς
490 823 522 862 τε
546 798 607 881 γὰρ
625 797 811 872 Ἰταλίας-
828 796 940 882 κεῖται]
965 794 1010 859 cf.
1026 795 1083 860 ΠΙ.
1102 797 1151 860 92.
1174 800 1231 858 τοῦ
1254 793 1337 878 πρὸς
1355 793 1544 878 Ἀθηναίους

316 888 459 970 πολέμου
491 887 599 958 καλῶς
631 887 735 951 έθόκει
767 888 872 957 αὐτοῖς
895 889 915 969 ἡ
939 885 1029 956 πόλις
1056 885 1277 949 καθίστασθαι.
1310 883 1385 948 ibid.
1417 890 1472 966 τῆς
1495 884 1546 947 ἐπὶ

321 971 453 1061 Θρᾴκης
484 975 631 1059 παρόδου
663 977 829 1060 χρησίμως
860 977 947 1050 ἕξειν.
1016 977 1045 1037 4.
1077 973 1113 1038 τὸ
1140 974 1293 1058 ἡμέτερον
1315 973 1370 1037 καὶ
1393 972 1459 1054 (τὸ)
1481 978 1545 1036 τῶν
1571 1059 1573 1064 Ι

317 1066 501 1149 Κορινθίων
525 1065 631 1131 Cobet.
671 1065 715 1130 of.
738 1064 827 1130 Dem.
851 1086 880 1149 p.
906 1066 1001 1145 1207,
1021 1066 1049 1128 9.
1072 1064 1109 1127 τά
1131 1088 1163 1127 τε
1185 1070 1240 1146 τῆς
1262 1063 1381 1146 βουλῆς
1402 1061 1457 1127 καὶ
1479 1063 1543 1146 (καί

317 1156 354 1220 τὰ
379 1155 496 1230 Cobet.)
519 1161 575 1219 τοῦ
600 1156 715 1238 όήμου.
783 1153 963 1238 ὑμετέραις]
987 1154 1151 1238 ἡμετέραις
1173 1154 1212 1217 Α.
1229 1152 1265 1216 Β.
1289 1151 1324 1215 Ε.
1348 1151 1381 1215 F.
1406 1152 1442 1216 G.
1467 1171 1545 1216 corr.

319 1243 411 1320 Quod
436 1245 531 1309 unice
555 1265 667 1309 verum
691 1262 759 1309 esse
782 1249 891 1309 censet
913 1242 1075 1306 Linwood.

405 1335 430 1397 Ι.
456 1336 506 1398 37.
531 1336 560 1396 2.
584 1333 655 1397 οὑτε
674 1334 765 1418 (ὥστε
780 1333 812 1406 Τ.
828 1332 1042 1414 Helbertsma)
1058 1331 1316 1415 παρακαλοῦντες
1331 1331 1544 1414 αἰσχύνεσθαι.
1678 1393 1680 1400 ,

363 1419 590 1507 ξόμμαχόνγε
613 1428 680 1506 (pro
703 1423 746 1505 τε]
770 1459 811 1469 ——
836 1422 912 1487 οὑόὲ
935 1459 978 1470 -
1001 1421 1108 1486 Hero.
1201 1423 1229 1484 3.
1259 1421 1350 1492 ὅπως
1377 1423 1412 1485 έν
1434 1417 1465 1503 ᾦ
1486 1421 1546 1503 μὲν
1655 1429 1657 1438 “

319 1511 369 1596 (οὑ
391 1512 483 1596 μὲνθ]
507 1514 547 1575 ἂν
570 1517 710 1595 κρατῶσι
733 1513 894 1595 (σφαλῶσι
917 1517 972 1576 aut
993 1511 1148 1594 τόχωσιῖ]
1175 1510 1272 1574 πλέον
1295 1512 1418 1593 ἔχωσιν,
1448 1513 1487 1592 ἢν
1512 1510 1548 1574 δέ

318 1603 382 1666 πού
413 1626 441 1664 τι
471 1602 696 1685 προσλάβωσιν
728 1602 956 1685 (προλάβωσιν,
989 1605 1282 1685 praeoccupent,
1317 1599 1458 1682 Madvig,
1491 1601 1546 1682 qui

318 1692 372 1756 καὶ
405 1692 569 1774 λάβωσιν),
603 1692 856 1775 ἀναισχυντῶσιν.
925 1691 993 1774 ὅσῳ
1026 1689 1229 1776 ἀληπτότεροι
1260 1689 1341 1772 ἦσαν
1374 1689 1453 1769 (fort.
1476 1690 1543 1772 εἶσι]

318 1787 382 1854 τοῖς
404 1781 509 1852 πέλας.

407 1870 432 1935 Ι.
457 1871 508 1934 38.
533 1872 561 1933 2.
585 1869 724 1954 πλέοσιν]
749 1868 858 1934 Scribe
880 1869 1025 1934 πλείοσιν.

408 1959 432 2022 Ι.
458 1961 508 2023 39.
533 1961 561 2022 2.
585 1956 797 2046 παρέσχοντο]
829 1960 1023 2043 προέσχοντο
1049 1958 1158 2022 Vulck.
1186 1958 1386 2041 cenodoxum
1413 1959 1445 2020 T.
1469 1958 1547 2022 Hal-

321 2050 467 2113 bertsma.
505 2048 617 2130 Recio,
645 2050 766 2132 opinor.
805 2049 851 2114 Of.
875 2049 898 2113 Ι.
925 2049 997 2112 140.
1021 2050 1050 2111 4.
1083 2048 1162 2130 ὅπερ
1190 2047 1322 2130 μάλιστα
1345 2048 1546 2130 προύχονται.

366 2140 394 2202 3.
417 2138 625 2221 ἐγκλημάτων
650 2177 691 2185 -
713 2138 759 2222 μὴ
783 2137 957 2222 κοινωνεῖν]
982 2137 1083 2220 Haec,
1112 2156 1193 2220 quae
1222 2139 1256 2199 in
1280 2137 1408 2220 optimis
1431 2137 1548 2201 codici-

321 2228 380 2292 bus
404 2228 531 2310 desunt‚
554 2228 663 2311 spuria
684 2227 780 2292 habet
802 2226 963 2292 Linwood.
1040 2227 1248 2309 ἐγκλημάτων
1272 2226 1307 2290 όὲ
1328 2226 1431 2308 μόνον
1454 2227 1544 2309 ἀμε-

319 2318 454 2401 τόχως,
479 2318 564 2381 οὕτω
581 2354 620 2362 -
638 2324 801 2381 κοινωνεῖν
816 2315 1016 2399 Donaldson,
1032 2316 1103 2382 coll.
1122 2316 1177 2380 IV.
1194 2317 1244 2380 20.
1261 2316 1397 2398 ἀσαφῶς
1413 2315 1546 2400 (ἀσαφὲς

321 2405 396 2490 eve]
429 2406 594 2490 ὁποτέρων
626 2407 799 2488 ἀρξάντων.
866 2411 931 2470 τῶν
961 2405 1039 2488 μετὰ
1071 2404 1126 2476 τὰς
1157 2406 1288 2489 πράξεις
1314 2405 1435 2469 τούτων
1458 2406 1546 2487 (ἀκο-

320 2495 535 2570 λουθούντων,
560 2497 735 2578 ἑπομένων,
760 2497 964 2579 γιγνομένων,
988 2495 1270 2579 ἀποβαινόντωνλ]
1603 2575 1606 2580 Ι

410 2585 434 2649 Ι.
457 2587 509 2649 40.
534 2586 563 2649 2.
587 2586 669 2656 ὅστις
690 2585 736 2668 μὴ
760 2585 857 2650 ἄλλου
881 2583 977 2649 αὑτὸν
992 2586 1178 2669 ἀποστερῶν
1195 2585 1301 2666 (άλλου
1318 2584 1547 2665 ἀποστατῶνθ).

366 2676 395 2738 εί
415 2680 620 2758 σωφρονοῦσι
652 2674 692 2756 (εἰ
716 2682 881 2759 σωφρονεῖ
899 2676 967 2757 ur).
1007 2674 1093 2739 “The
1125 2675 1227 2738 whole
1259 2678 1427 2758 argument
1459 2680 1549 2738 turns

321 2783 409 2848 upon
432 2764 496 2827 this
520 2801 562 2810 -
587 2765 666 2846 that,
689 2765 715 2827 if
736 2765 789 2829 the
812 2765 930 2847 parties
946 2764 1124 2830 concerned
1140 2783 1215 2828 vere
1231 2765 1320 2846 wiso,
1343 2764 1419 2846 they
1442 2764 1549 2827 would

321 2858 388 2917 not
409 2854 533 2919 receive
549 2853 628 2918 such
643 2873 774 2936 persons
790 2873 824 2917 us
840 2853 931 2917 these
946 2853 1125 2918 decrihed.''
1141 2852 1316 2935 (Linwood)
1385 2855 1413 2916 3.
1429 2852 1547 2935 Κοριν-

321 2944 404 3013 θίοις
426 2943 485 3025 μέν
509 2966 544 3024 γε
566 2942 597 3022 (Ι.
612 2941 672 3025 μέν
688 2941 760 3025 γὰρ)
784 2942 954 3006 ἔνσπονθοί
974 2943 1049 3006 έστε.
1119 2943 1147 3004 4.
1172 2943 1200 3006 εἰ
1221 2941 1282 3025 γάρ
1305 2939 1378 3016 τοὺς
1397 2943 1500 3007 κακόν
1522 2967 1549 3006 τι

322 3036 389 3112 (uut
415 3031 522 3115 potius
553 3031 655 3095 κακὸν
687 3033 787 3114 ἡμᾶς)
816 3032 959 3115 όρῶντσς
992 3032 1157 3115 όεχομένοι
1189 3039 1313 3115 φανεῖτε
1345 3033 1550 3116 (τιμωρήσετε

322 3126 464 3203 φανεῖται
487 3119 608 3204 vulgo),
633 3119 688 3184 καὶ
710 3121 775 3201 (καὶ
797 3123 817 3184 ἃ
841 3121 949 3204 vulgo)
972 3125 1036 3186 τῶν
1063 3121 1226 3204 ὑμετέρων
1253 3121 1352 3205 μέρος
1376 3122 1436 3186 οὑκ
1459 3122 1548 3186 ἔλασ-

322 3234 379 3274 σον
402 3211 478 3291 ἡμῖν
500 3209 642 3292 πρόσεισι
665 3209 815 3273 Badham.

410 3299 434 3361 I.
458 3299 511 3362 42.
537 3299 563 3361 l.
588 3296 782 3386 ἀμύνεσθαι]
806 3301 993 3383 ἀμείβεσθαι
1016 3301 1098 3384 conj.
1114 3301 1146 3365 T.
1162 3299 1373 3365 Halbcrtsnra.
1444 3302 1472 3364 2,
1495 3308 1550 3385 τῆς

322 3426 366 3436 -—
388 3388 530 3471 ὑποψίας
554 3390 743 3472 -ὑφελεῖν
772 3392 895 3471 (nonne
923 3390 1094 3474 άφελεῖνθ]
1138 3388 1181 3452 Of.
1210 3390 1249 3454 ud
1273 3391 1369 3456 Arist.
1393 3389 1451 3475 Eq.
1476 3392 1549 3454 920.

368 3480 396 3541 3.
418 3486 465 3560 τῷ
488 3479 598 3542 αὐτίκα
622 3487 755 3563 φανερῷ
778 3479 949 3563 (ξυμφόρῳ
973 3485 1029 3544 aut
1051 3475 1273 3563 ξυμφέρονιιῖ]
1297 3480 1500 3563 ἐπαρθέντας.

410 3568 434 3631 Ι.
459 3569 510 3631 44.
537 3570 563 3630 l.
587 3575 624 3652 τῇ
646 3568 706 3651 μὲν
728 3567 883 3652 προτέρᾳ]
908 3568 1018 3632 Malim
1041 3575 1078 3652 τῇ
1097 3568 1157 3650 μὲν
1173 3570 1352 3651 προτεραίᾳ.
1388 3567 1432 3631 Of.
1450 3572 1492 3633 54
1503 3588 1548 3650 sq.

388 3663 452 3727 τοῖς
475 3656 579 3728 ἄλλοις
602 3660 676 3737 (τοῖς
698 3658 802 3728 ἀλλοις
825 3664 888 3728 τοῖς
906 3663 991 3722 recte
1007 3659 1097 3721 malit
1112 3658 1222 3740 Bekk.)
1245 3658 1392 3722 ναυτικὸν
1415 3661 1548 3741 ἔχουσιν.

411 3744 434 3807 I.
459 3747 510 3808 45.
536 3747 563 3807 2.
587 3752 651 3810 τῶν
674 3747 795 3810 ἐκείνου
818 3771 845 3810 τι
867 3747 1009 3831 χωρίων]
1035 3747 1079 3811 of.
1097 3748 1148 3810 53.
1171 3747 1268 3812 Arist.
1278 3747 1362 3812 Nub.
1376 3749 1469 3812 1261.
1486 3754 1550 3813 τῶν

322 3833 487 3917 Καρκίνου
510 3858 555 3904 τις
578 3835 749 3917 δαιμόνων.

411 3922 435 3986 I.
460 3925 510 3986 46.
536 3924 564 3986 3.
597 3924 703 4008 ἔξεισι]
737 3925 833 4008 ἐξίησι
861 3924 894 3989 0.
924 3925 959 3989 G.
998 3930 1030 3990 et
1060 3923 1169 3989 Elmsl.
1202 3946 1232 3989 n.
1260 3947 1317 3990 ms.
1360 3925 1465 3992 Recte.
1506 3925 1548 3990 04.

322 4011 378 4074 IV.
405 4013 475 4076 103.
516 4011 573 4088 Qu.
598 4013 643 4097 (ἡ)
661 4014 846 4097 Ἀχερουσία
868 4014 959 4098 λίμνη
984 4016 1017 4086 ές
1039 4014 1211 4080 θάλασσαν.

388 4145 390 4152 .
411 4100 434 4164 I.
459 4104 510 4166 47.
537 4103 564 4165 1.
588 4101 781 4189 Μεικιάόης]
805 4102 969 4188 Μικιάόης
984 4105 1016 4168 F.
1034 4103 1070 4167 G.
1087 4104 1174 4188 prob.
1190 4103 1300 4169 Elmsl.
1316 4124 1347 4170 n.
1364 4126 1422 4170 ms.
1458 4105 1549 4181 Quod

322 4196 480 4273 praestare
503 4192 637 4257 videtur.
676 4192 792 4257 Oonfer
813 4213 931 4259 nemen
953 4193 1114 4266 Μίκυθος.

411 4280 435 4344 Ι.
452 4282 502 4344 48.
522 4282 548 4347 l.
573 4283 727 4365 ἀνήγοντο
751 4283 797 4353 ῶς
813 4282 863 4346 έπί
878 4285 1058 4367 ναυμαχίαν
1075 4285 1246 4368 (ναυμαχίᾳ
1262 4290 1346 4349 recte
1363 4284 1416 4365 0.).
1442 4284 1486 4348 Oi.
1498 4286 1548 4348 38.

410 4370 435 4432 1.
451 4371 502 4433 49.
521 4372 548 4433 2.
573 4372 679 4454 ἐπειδὴ
705 4370 766 4456 γάρ
781 4373 1010 4456 προσβάλλοιεν
1025 4375 1247 4458 (προσβάλοιεν
1263 4374 1331 4439 sine
1348 4394 1444 4438 causa
1460 4375 1551 4438 malit

323 4458 434 4540 Bekk.)
457 4459 608 4546 ἀλλήλοις.
677 4463 706 4524 4.
731 4462 762 4532 ἒς
785 4462 840 4546 την
863 4463 995 4546 ἤπειρον
1016 4465 1110 4548 μέχρι
1133 4462 1197 4547 (καί
1218 4463 1312 4546 μέχρι
1336 4469 1420 4528 recte
1444 4464 1477 4530 0.
1502 4463 1550 4543 G.)
