3576 5340
779 446 965 492 τεαοτοτοτπ
1463 427 1483 491 5

259 608 295 670 in
317 607 390 686 BR)
413 608 526 690 μένειν.
596 609 623 670 3.
648 607 834 691 ἐδεήθησαν·
853 645 894 652 -
919 607 1186 690 ξυμπροπέμφειν
1213 607 1484 691 (ξυμπροπέμφαι

258 702 343 760 recte
366 695 398 759 C.
416 697 471 778 (1.).
540 699 568 760 εἰ
587 698 651 779 ἀρα
673 697 848 767 κωλύοιντο
872 698 946 780 (ime
969 696 1183 776 κωλύσοιντο).

346 787 370 850 Ι.
396 788 446 850 28.
465 789 492 850 1.
516 786 622 869 ἐπειδὴ
641 785 866 869 δὲέπύθοντο]
890 785 956 850 ἐπεί
973 785 1064 850 δὲ-
1082 784 1114 848 C.
1132 785 1167 848 G.
1205 786 1310 850 Recte.
1379 786 1426 858 ὡς
1445 787 1484 848 οὐ

257 875 353 960 μετὸν
376 877 482 947 αὐτοῖς
500 873 713 962 Ἐπιδάμνου]
738 875 784 940 Of.
807 875 956 939 Aeschin.
981 875 1072 939 178.
1097 875 1144 945 ὡς
1167 875 1205 939 οὗ
1227 874 1323 957 μετὸν
1346 882 1392 957 τῷ
1415 899 1483 957 κρι-

258 967 385 1048 νομένῳ
407 971 462 1049 τῆς
484 965 616 1037 πόλεως.
650 966 742 1030 etad
765 965 864 1028 Arist·
888 964 966 1028 Ren.
994 965 1087 1028 1163.
1149 965 1177 1028 3.
1202 963 1267 1027 ἀπὸ
1285 964 1483 1046 Ἐπιδάμνου

258 1055 421 1140 ἀπάγωσι]
446 1055 514 1118 Imo
538 1055 739 1137 ἀπαγάγωσι,
768 1060 804 1118 ut
826 1073 903 1118 mox
930 1052 1004 1124 τοὺς
1032 1055 1065 1118 έν
1084 1053 1271 1137 Ἐπιδάμνῳ
1295 1055 1484 1137 ἀπαγάγωσι

258 1145 416 1228 (ἀπάγωσι
440 1146 490 1208 hie
514 1145 546 1209 O.
572 1143 627 1227 G.).
666 1143 708 1209 Et
734 1145 781 1209 sic
804 1142 836 1206 Ο.
861 1143 896 1207 G.
987 1145 1105 1226 ἑτοῖμοι
1134 1142 1184 1227 δέ]
1218 1141 1276 1218 Qu.
1304 1145 1424 1226 ἑτοῖμοί
1443 1168 1483 1206 τε.

258 1233 341 1318 Lege
363 1235 468 1319 μένειν
500 1234 579 1298 κατὰ
612 1235 723 1317 χώραν
755 1233 896 1303 σπονδάς
922 1233 1117 1315 ποιήσασθαι
1140 1232 1216 1313 (del.
1241 1232 1298 1313 δέ).
1367 1235 1485 1315 ἑτοῖμοι

258 1324 287 1387 δ’
311 1323 387 1388 εἶναι
409 1324 463 1389 καί
485 1324 567 1388 ὥστε
594 1324 796 1407 ἀμφοτέρους
826 1323 932 1406 μένειν
962 1321 1042 1386 κατὰ
1075 1323 1188 1406 χώραν
1219 1321 1361 1393 σπονδάς
1392 1323 1483 1406 ποιή-

257 1414 375 1478 σασθαι
399 1433 470 1477 eum
495 1414 647 1497 Peppone
670 1412 808 1498 Madvig.
832 1410 973 1483 σπονδὰς
997 1411 1055 1497 [δὲ]
1080 1411 1216 1495 Madvig.

345 1522 370 1585 I.
395 1523 445 1584 29.
471 1523 498 1584 1.
522 1521 653 1603 ἄραντες
680 1520 900 1604 ἑβδομήκοντα
928 1518 1019 1583 ναυσί
1042 1517 1101 1602 -]
1135 1517 1193 1602 Qu.
1226 1519 1404 1602 ἀπάραντες
1429 1557 1484 1581 -.

303 1611 460 1694 δισχιλίοις
475 1635 506 1674 τε
522 1611 660 1681 ὁπλίταις
675 1609 797 1694 ἔπλεον]
812 1610 882 1673 Imo
898 1608 1074 1692 τρισχιλίοις
1085 1645 1139 1669 -.
1157 1605 1200 1670 Of.
1212 1609 1283 1672 27f.
1323 1606 1358 1670 2.
1376 1608 1482 1693 ἐπειδὴ

259 1699 304 1786 δ’]
337 1699 403 1762 ἐπεὶ
435 1700 463 1762 δ’
489 1699 521 1764 Ο.
550 1702 582 1764 et
605 1699 640 1762 G.
664 1719 709 1782 pr.
747 1697 853 1764 Recte.
896 1697 994 1761 Error
1025 1698 1184 1781 frequens.
1275 1698 1418 1779 ε’γένοντο
1451 1699 1484 1763 ἒν

253 1788 365 1870 Ἀκτίῳ
389 1790 464 1870 (imo
488 1789 537 1852 ἐπ’
556 1787 681 1870 Ἀκτίῳ,
706 1792 741 1851 ut
763 1788 798 1852 in
817 1808 842 1851 υ.
860 1787 930 1869 30.).
998 1785 1224 1870 προέπεμψαν]
1249 1784 1359 1851 Scribe
1382 1789 1483 1870 πρού-

259 1901 397 1961 πεμψαν.
466 1879 495 1941 3.
518 1876 781 1961 ἀνταναγόμενοι]
805 1875 889 1960 Lege
912 1876 1208 1959 ἀνταναγαγόμενοι.

345 1985 369 2048 Ι.
394 1985 444 2048 30.
463 1987 490 2049 3.
514 1985 661 2067 περιιόντι
683 1993 730 2067 τῷ
747 1984 851 2068 θέρει]
875 1983 1012 2066 περιόντι
1029 2020 1070 2030 -
1087 1982 1125 2046 al.
1165 1981 1210 2046 Of.
1226 1982 1309 2046 Xen.
1326 1982 1409 2048 Heli.
1426 1984 1483 2048 III.

257 2077 285 2136 2.
310 2077 361 2137 25.
393 2074 541 2158 περιιόντι
573 2073 719 2157 (περιόντι
742 2074 791 2156 al.)
825 2073 860 2137 δὲ
887 2081 934 2156 τῷ
961 2074 1094 2155 ἐνιαυτῷ
1123 2110 1172 2135 -.
1202 2071 1320 2137 Herod.
1343 2073 1384 2136 ΙΙ.
1412 2075 1483 2137 121.

255 2164 374 2247 χρόνου
406 2164 587 2247 περιιόντος.
619 2164 676 2228 IV.
702 2164 774 2226 155.
808 2163 901 2227 Hom.
926 2162 984 2227 Od.
1010 2164 1060 2246 11,
1084 2164 1157 2226 247.
1190 2162 1424 2245 περιπλομένου
1454 2163 1483 2226 δ’

255 2254 397 2318 ἐνιαυτοῦ
422 2258 479 2319 etc.
548 2256 577 2316 4.
602 2252 753 2317 έπέπλεόν
775 2252 823 2337 τε]
847 2252 957 2317 Malim
980 2252 1132 2316 ἐπέπλεον
1158 2252 1206 2326 δὲ,
1231 2251 1323 2315 utin
1347 2250 1382 2314 G.

343 2345 368 2408 Ι.
393 2345 443 2407 31.
469 2346 499 2406 2.
523 2342 757 2428 ἒσεγράφαντο]
781 2343 884 2426 ἒπεγρ.
905 2340 937 2405 C.
961 2340 1044 2406 Fert.
1068 2342 1166 2424 ένεγρ.
1237 2344 1265 2406 3.
1288 2341 1482 2425 πρεσβευσά-

255 2433 361 2517 μενοι]
386 2432 444 2508 Qu.
468 2432 723 2516 πρεσβευόμενοι.

345 2538 369 2601 Ι.
393 2541 444 2602 32.
470 2540 497 2601 l.
521 2539 698 2621 εὐεργεσίας
719 2539 915 2621 μεγάλης-
938 2538 1222 2622 προοφειλομένης]
1247 2539 1424 2621 εὐεργεσίας
1441 2576 1482 2586 -

255 2628 530 2710 προυφειλομένης
544 2632 629 2692 reete
645 2625 771 2709 Cobet).
810 2628 883 2692 Non
902 2632 1009 2691 tamen
1024 2627 1174 2692 dicebant
1189 2634 1344 2710 προορᾶν,
1360 2651 1482 2710 προυρ-

255 2723 328 2799 μᾶν.
368 2715 411 2780 Of.
427 2715 545 2782 Herod.
562 2716 599 2779 V.
617 2718 667 2780 82.
691 2718 711 2799 ἡ
732 2716 833 2800 ἔχθρη
858 2718 877 2799 ἡ
901 2715 1157 2799 προοφειλομένη
1182 2717 1214 2786 ές
1232 2716 1424 2799 Ἃθηναίους
1447 2718 1482 2780 εἰι

254 2812 318 2871 τῶν
341 2806 543 2890 Αἰγινητέων.
616 2808 644 2870 3.
668 2805 725 2889 τὴν
746 2803 887 2888 μὲνοῦν
911 2805 1083 2889 γενομένην
1106 2807 1285 2889 ναυμαχίαν
1309 2844 1350 2852 -
1375 2807 1482 2870 ἀπεω-

254 2896 382 2981 σάμεθα
400 2895 610 2980 Κορινθίους]
634 2895 703 2959 Imo
726 2901 764 2980 τῇ
786 2894 846 2978 μὲν
869 2893 927 2959 οὗν
950 2897 1102 2979 γενομένῃ
1127 2897 1287 2978 ναυμαχίᾳ
1312 2933 1366 2958 -.

341 3005 366 3069 Ι.
384 3005 434 3068 33.
452 3005 480 3068 1.
503 3004 550 3075 ὡς
572 3005 612 3067 ἀν
628 3040 671 3052 -
686 3003 878 3068 καταθεῖσθε
896 3003 964 3086 (pro
980 3004 1178 3086 καταθῆσθε)
1202 3003 1300 3067 Bekk.
1316 3002 1479 3069 Linweed.

299 3096 328 3156 2.
352 3095 384 3164 ἒς
406 3093 466 3176 μὲν
480 3093 554 3164 τοὺς
568 3093 740 3176 πολεμίους
755 3091 846 3176 ι’σχδν
858 3130 897 3138 -
908 3094 983 3176 ὑμῖν
1000 3093 1034 3156 δὲ
1050 3094 1155 3164 αὐτοῖς
1172 3093 1285 3176 ἀρετὴν
1301 3094 1424 3176 Burges
1440 3085 1480 3156 ad

254 3183 337 3245 Phil.
355 3183 448 3247 1416.
454 3230 463 3262 ,
486 3182 555 3248 coll.
572 3182 612 3246 ΙΙ.
630 3185 681 3246 43.
705 3186 738 3254 ές
761 3182 834 3252 τοδς
856 3183 1028 3265 πολεμίους
1050 3183 1277 3265 ἀνδραγαθίαν.
1348 3185 1375 3244 3.
1399 3181 1483 3265 μηδὲ

256 3272 344 3335 δυοῖν
367 3271 491 3355 φθάσαι
514 3273 608 3352 (reete
636 3272 719 3336 delet
741 3272 861 3354 Herw.‚
892 3277 927 3334 ut
949 3293 978 3333 v.
1002 3273 1021 3333 l.
1051 3277 1106 3335 aut
1128 3273 1218 3354 gloss.
1247 3272 1286 3335 ad
1310 3291 1373 3354 seq.
1402 3295 1482 3354 προ-

255 3361 392 3442 τερῆσαι)
417 3360 612 3443 ἁμάρτωσιν,
645 3363 665 3442 ἢ
694 3363 729 3443 (ἢ
753 3360 847 3438 τοῦδ)
876 3365 1022 3423 κακῶσαι
1046 3361 1143 3442 ἡμᾶς,
1177 3363 1196 3442 ἢ
1222 3366 1278 3424 etc.
1348 3363 1376 3422 3.
1399 3360 1483 3442 μηδὲ
1561 3378 1562 3381 ’

257 3450 345 3513 δυοῖν
368 3449 493 3532 φθάσαι
512 3448 706 3532 ἁμάρτωσιν]
729 3447 814 3531 μηδέ
838 3449 927 3512 δυοῖν
950 3448 1089 3530 θατέρου
1114 3449 1297 3530 ἀμάρτωσιν
1322 3447 1482 3512 Linweed.

254 3537 364 3621 Recte,
398 3538 518 3622 opiner.
588 3540 607 3620 ἢ
640 3543 786 3602 κακῶσαι
819 3536 920 3621 ἡμᾶς]
953 3535 1036 3620 Lege
1070 3540 1089 3620 ἢ
1122 3543 1178 3600 τοῦ
1210 3542 1357 3601 κακῶσαι
1390 3539 1482 3621 ἡμᾶς.

299 3633 363 3692 τῶν
385 3627 456 3712 μὲν]
490 3627 592 3693 Schel.
616 3628 711 3711 ἡμῶν
745 3626 896 3709 δηλονότι.
934 3630 1049 3709 Aeque
1081 3625 1164 3690 bene
1196 3627 1368 3692 convenire
1391 3646 1483 3712 posse

254 3720 407 3802 ἡμέτερον
430 3723 485 3782 aut
507 3718 659 3801 ὑμέτερον
682 3722 791 3782 censet
818 3716 978 3780 Linweed.
1046 3721 1111 3780 τῶν
1137 3715 1196 3799 μὲν
1212 3716 1374 3792 ,διδόντων
1398 3717 1482 3799 (δόν-

253 3809 364 3890 τωνΡ),
388 3809 482 3890 ὑμῶν
506 3807 540 3872 δὲ
565 3808 748 3891 δεξομένων
771 3806 827 3890 τὴν
850 3806 1041 3889 ξυμμαχίαν.

342 3914 366 3978 Ι.
391 3916 441 3977 34.
468 3916 494 3978 1.
521 3915 726 3997 μαθέτωσαν]
764 3915 907 3978 Atticum
939 3912 1114 3996 μαθόντων
1145 3913 1272 3978 restitui
1300 3913 1392 3996 jubet
1424 3913 1483 3978 Oe·

253 4003 354 4068 betus.

342 4093 366 4158 I.
393 4093 443 4155 35.
467 4094 497 4155 4.
520 4093 665 4176 πολέμιοι
688 4095 764 4176 ἡμῖν
787 4091 880 4177 ἦσαν]
905 4092 962 4168 (λα.
986 4094 1131 4176 πολέμιοι
1155 4093 1230 4175 ὑμῖν
1250 4092 1309 4173 (sie
1325 4092 1375 4174 A.)
1399 4093 1482 4156 εἰσιν.

254 4181 331 4244 Mox
354 4182 434 4263 ὅπερ
459 4182 635 4264 σαφεστάτη
659 4182 773 4266 πίστις]
799 4182 856 4259 Qu.
873 4181 1022 4264 ἥπερ-.
1091 4181 1193 4246 ἱκανοί
1215 4181 1288 4253 τοὺς
1311 4182 1481 4264 μεταστάν-

252 4295 307 4344 τας
331 4270 390 4355 (μὴ
415 4271 584 4345 ξυστάντος
607 4269 724 4352 Herw.)
755 4271 885 4353 βλάψαι.
968 4271 1041 4343 τοὺς
1072 4271 1297 4356 μεταστάντας]
1330 4268 1404 4342 τοὺς
1435 4271 1481 4354 μὴ

253 4362 422 4435 ξυστάντας
444 4359 650 4426 Herwerden.
689 4360 771 4424 Fert.
794 4359 868 4432 τοὺς
892 4361 1082 4432 διαστάντας.
1150 4361 1273 4444 μηδένα
1302 4360 1398 4425 ἀλλον
1426 4362 1482 4425 ε’ᾶν

252 4452 426 4534 κεκτῆσθαι
453 4449 545 4534 ναῦς]
580 4449 842 4514 subaudiendum
876 4451 925 4514 δεῖ
954 4456 1009 4515 aut
1040 4450 1142 4516 simile
1176 4450 1253 4534 quid
1275 4455 1384 4515 monet
1406 4447 1482 4515 Lin-

253 4540 358 4625 w00d‚
395 4540 611 4606 0011.1.142.
643 4539 684 4604 Π.
711 4540 760 4604 13.
776 4539 825 4603 -II.
847 4541 901 4604 24.
933 4539 990 4604 IV.
1014 4541 1065 4604 85.
1090 4540 1144 4603 VI.
1169 4542 1219 4603 49.
1249 4538 1326 4605 ἀλλὰ
1348 4540 1481 4626 μάλιστα
