3510 5338
347 409 395 474 60'
866 429 1051 476 τυυονυιονε

433 607 489 672 τι.
514 609 565 672 30.
591 609 618 671 1.
641 608 695 672 ιιι
714 609 835 694 νόμον]
860 609 908 674 ει.
932 583 1053 673 now
1076 581 1110 690 (ι.
1135 609 1186 672 τι.
1210 609 1250 673 11.
1276 611 1347 690 ιτ).
1386 610 1431 674 of.
1447 611 1503 676 τι.
1520 613 1570 675 34.

348 699 418 762 104.
442 697 515 762 VII.
540 700 590 762 33.
614 697 708 761 Dion.
733 697 817 763 Cass.
842 697 958 762 LXIII.
984 702 1012 761 7.
1051 698 1104 784 sio.
1126 699 1184 763 ΙΙΙ.
1208 699 1279 763 107.
1303 700 1335 771 ἐς
1358 698 1412 764 τόν
1431 701 1554 784 Ἀμβρα

343 788 443 852 κιιιόν.

433 895 489 958 VI.
514 897 565 958 31.
592 898 618 958 1.
643 896 796 978 ἀλλήλους
820 896 998 959 ἀπολείπειν
1022 895 1089 959 ood.
1113 896 1184 960 Par.
1208 895 1317 960 Elmsl.
1341 897 1382 959 ad
1404 895 1480 960 Hor.
1499 900 1570 962 710.

389 984 505 1056 αὐτοὺς
532 985 616 1068 ἐσῄει
642 985 679 1048 τά
704 984 806 1069 δεινὰ]
837 984 880 1049 Of.
905 986 1019 1049 Aesoh.
1044 987 1130 1050 Pers.
1155 986 1228 1048 850.
1257 983 1286 1049 ὦ
1311 986 1435 1067 δαῖμον,
1462 987 1509 1057 ὥς
1531 1013 1571 1071 με

344 1075 433 1139 πόλλ’
466 1076 621 1158 ἐσέρχεται
657 1073 742 1138 κακά
776 1075 939 1157 (κακῶνλ)
959 1074 963 1157 ]
985 1075 1072 1157 ἄλγη.
1109 1073 1227 1140 Herod.
1251 1073 1309 1138 III.
1336 1076 1385 1138 14.
1418 1075 1473 1139 VI.
1501 1078 1570 1140 125.

344 1165 423 1228 Plat.
447 1163 540 1248 Rosp.
563 1163 588 1227 I.
612 1185 640 1246 p.
666 1165 738 1227 372.
808 1163 858 1227 διὰ
887 1163 922 1227 τὸ
949 1164 1075 1246 πλῆθος
1102 1163 1245 1229 ἑκάστων
1272 1161 1320 1228 ὧν
1353 1164 1479 1249 ἐώρων]
1513 1164 1571 1230 Su-

345 1259 487 1339 spectum
510 1253 590 1317 mihi
612 1253 762 1318 έιιάστων.
832 1254 878 1323 ὡς
900 1252 962 1336 ῆδη
987 1254 1118 1335 ἔμελλον
1140 1251 1218 1337 μετὰ
1234 1254 1394 1318 κινδύνων
1418 1254 1572 1337 ἀλλήλους

344 1344 508 1407 ἀπολιπεῖν
531 1340 762 1427 (ἀπολείψεινλ)
786 1343 907 1425 μᾶλλον
939 1342 1055 1416 αὐτοὺς
1078 1343 1161 1426 ἐσῄει
1183 1341 1220 1416 τό
1246 1342 1330 1406 δεινά
1356 1342 1392 1427 [ἢ
1417 1343 1467 1407 ὅτε
1491 1345 1570 1428 ἐψη-

345 1434 473 1515 φίζοντο
496 1432 583 1495 πλεῖν
616 1433 713 1496 delet.
731 1431 858 1516 Cobot.].
935 1433 1121 1515 παρασκευή
1155 1432 1215 1516 γάρ
1250 1433 1328 1516 αὕτη
1361 1433 1472 1517 πρώτη
1497 1433 1527 1514 (l.
1552 1437 1570 1517 ή

344 1523 473 1605 πρώτη)
506 1527 562 1586 oto.
603 1520 645 1584 Of.
670 1541 696 1586 o.
725 1523 776 1584 44.
811 1522 945 1604 τοσαύτη
978 1523 998 1604 ῆ
1031 1523 1142 1604 πρώτη
1180 1521 1367 1605 παρασκευὴ
1400 1520 1482 1605 πρὸς
1519 1522 1573 1586 τόν

344 1612 485 1694 πόλεμον
518 1611 632 1674 διέπλει
663 1611 724 1693 (sio
747 1608 870 1695 Dobr.).
962 1613 990 1673 2.
1023 1613 1042 1695 ῆ
1074 1611 1151 1693 αότῆ
1181 1612 1214 1681 ἐς
1245 1610 1430 1696 Ποτίδαιαν]
1464 1610 1522 1687 Qu.
1551 1615 1570 1696 ῆ

345 1699 418 1764 αὖτε
441 1702 473 1772 ἐς
496 1699 693 1765 Ποτείδαιαν.
770 1703 798 1764 4.
823 1701 968 1774 ἐπίδειξιν
992 1738 1034 1746 —
1057 1706 1112 1784 τῆς
1136 1697 1315 1785 [δυνάμεως
1338 1701 1403 1786 καί]
1428 1702 1573 1774 ἐξουσίας

346 1791 450 1855 HorW.
521 1792 548 1852 5.
573 1791 730 1854 ἀνάλωσιν
755 1790 923 1875 δημοσίαν]
958 1790 1014 1866 ou.
1039 1789 1095 1872 τῆν
1127 1790 1286 1854 ἀνάλωσιν
1317 1789 1373 1873 τῆν
1406 1790 1571 1874 δημοσίαν.

345 1879 427 1944 Sunt
450 1881 506 1962 qui
530 1879 685 1962 δημοσίαν
709 1879 807 1944 dolori
827 1880 949 1962 jubent.
988 1879 1032 1943 Of.
1056 1877 1145 1942 VIII.
1173 1880 1199 1943 1.
1228 1879 1409 1962 στερόμενοι
1431 1880 1486 1945 καὶ
1508 1882 1572 1963 ἰδίᾳ

345 1971 477 2040 ἕκαστος
504 1968 557 2032 καῖ
585 1971 604 2052 ῆ
628 1970 719 2040 πόλις
741 1970 878 2033 ὁπλιτῶν
905 1994 936 2032 τε
964 1968 1092 2032 πολλῶν
1120 1973 1178 2032 oto.
1251 1969 1305 2032 καί
1326 1971 1518 2053 τριήραρχος
1541 1972 1573 2041 ἐς

345 2060 403 2141 (ὅσ’
427 2060 460 2129 ἐς
481 2059 602 2136 Horw.)
633 2058 689 2142 τῆν
721 2065 800 2122 ναῦν
832 2058 989 2122 ἀναλώκει
1015 2057 1095 2140 (Imo
1124 2058 1300 2140 ἀνηλώκει).
1375 2059 1403 2120 6.
1428 2066 1572 2142 στρατιᾶς

344 2148 426 2230 πρὸς
450 2151 506 2218 οὓς
529 2148 666 2231 ἐπῄεσαν
689 2146 867 2231 ὑπερβολῇ]
895 2146 1016 2211 Eadem
1044 2151 1203 2211 structura
1231 2152 1278 2212 est
1299 2147 1341 2211 ΙΙ.
1367 2148 1417 2212 65.
1442 2150 1573 2232 γνώμης

346 2238 517 2320 ἁμάρτημα
550 2236 590 2321 ῆν
621 2236 703 2319 πρὸς
732 2239 788 2307 οὓς
812 2238 956 2320 ἐπῄεσαν.
1024 2237 1170 2319 μέγιστος
1201 2238 1263 2320 ήδη
1298 2238 1373 2319 (imo
1399 2237 1452 2321 δὴ,
1486 2240 1571 2322 quod

345 2328 458 2390 suadet
481 2329 575 2390 etiam
599 2326 708 2408 Bekk.)
733 2327 788 2390 ὅδε
812 2326 964 2397 διάπλους
989 2363 1029 2372 -
1055 2327 1254 2410 ἐπεχειρήθη.

434 2434 490 2498 VI.
507 2435 558 2497 32.
577 2434 604 2498 l.
628 2435 667 2497 οὐ
683 2433 762 2498 κατὰ
779 2440 858 2497 ναῦν
876 2435 1011 2517 ἑκάστην
1027 2433 1161 2512 (ἔκαστοι
1178 2433 1309 2517 Cobet),
1334 2435 1512 2517 ξύμπαντες
1529 2437 1571 2499 δέ.

391 2527 420 2587 2.
452 2525 676 2595 παιανίσαντες
710 2523 744 2587 δὲ
776 2523 830 2587 καὶ
860 2524 1065 2594 τελεώσαντες
1101 2523 1289 2605 (τελέσαντες
1321 2530 1406 2590 recto
1434 2524 1486 2602 E.)
1518 2525 1572 2596 τάς

346 2613 486 2685 σπονδάς
510 2619 567 2679 eto.
637 2615 666 2677 3.
699 2614 874 2697 ἐλέχθησαν
910 2614 1023 2678 τοιοίδε
1059 2613 1148 2694 λόγοι
1185 2613 1248 2676 ἀπό
1282 2614 1360 2696 (ὑπό
1385 2613 1509 2695 Cobet.)
1541 2640 1572 2678 τε

345 2704 449 2769 ἄλλων
473 2709 530 2768 oto.
600 2703 696 2787 [ἔλεγε
719 2702 783 2787 καί]
808 2703 942 2787 παρῄνει
964 2703 1069 2767 τοιάδε
1092 2702 1199 2768 Horw.
1239 2702 1283 2766 Of.
1308 2703 1347 2766 ad
1371 2703 1412 2767 II.
1438 2705 1489 2767 86.

434 2811 489 2875 VI.
514 2813 564 2876 33.
590 2815 618 2874 2.
641 2811 803 2894 πρόφασιν
817 2810 877 2892 μὲν
896 2809 1084 2892 Ἐγεσταίων
1104 2809 1166 2888 (ἐπ’
1185 2808 1248 2891 Ἐγ.
1265 2810 1383 2891 Horw.)
1399 2813 1571 2894 ξυμμαχίᾳ.

390 2904 419 2964 4.
443 2902 518 2965 οὔθ’
542 2901 588 2965 ὅτι
610 2901 741 2983 μεγάλῳ
764 2901 866 2982 στόλῳ
890 2901 1073 2983 ἐπέρχονται
1097 2899 1269 2981 ἀνωφελεῖς
1292 2900 1466 2983 (ἀνωφελὲς
1488 2907 1572 2965 recto

345 2991 461 3068 Horw.)
494 2989 571 3054 ἀλλὰ
596 3028 637 3035 -
661 2989 742 3052 πολὺ
775 2989 913 3070 ἀμεινον.
1005 2989 1033 3050 6.
1057 2990 1118 3051 κᾶν
1142 3026 1184 3034 -
1207 2989 1358 3052 πταίωσιν
1390 2991 1572 3064 (πταίσωσιν

346 3078 584 3161 111eliusE.G.).
623 3078 685 3141 Pro
709 3080 770 3141 κᾶν
794 3078 858 3158 (καὶ
881 3077 930 3160 ἢν]
954 3078 1065 3140 malim
1083 3077 1201 3158 ubique
1217 3079 1286 3161 κῆν.
1356 3079 1435 3162 ὅπερ
1452 3080 1571 3161 (ὥσπερ

341 3172 413 3253 juro
436 3167 554 3248 Horw.)
582 3167 636 3231 καί
655 3168 818 3250 Ἀθηναῖοι
841 3167 929 3230 αὐτοί
952 3164 1052 3240 οὗτοι,
1077 3173 1134 3231 oto.
1208 3169 1283 3250 ῆμῖν
1307 3169 1366 3231 οὐκ
1391 3169 1572 3232 ἀνέλπιστον

345 3258 380 3321 τό
409 3263 532 3321 τοιοῦτο
561 3259 712 3334 (τοιοῦτον
736 3256 772 3319 G.
795 3257 865 3338 logo
893 3256 1006 3320 τοιοῦτ’
1030 3257 1080 3339 ἀν)
1108 3259 1275 3341 ξυμβῆναι.
1315 3257 1360 3320 of.
1383 3257 1441 3321 III.
1468 3260 1517 3322 36.
1542 3266 1573 3322 et

345 3348 520 3502 (Tegmgfut.)
544 3347 632 3411 VIII.
659 3348 686 3410 1.
712 3350 740 3410 2.
773 3346 947 3411 ἀνέλπιστοι
979 3346 1059 3429 ῆσαν
1084 3384 1124 3392 -
1150 3347 1364 3429 σωθήσεσθαι.
1394 3351 1424 3410 ot
1453 3347 1492 3410 ad
1515 3347 1570 3412 IV.

433 3545 489 3609 VI.
514 3547 564 3609 34.
591 3547 618 3607 l.
651 3545 742 3616 ὅπως
769 3548 789 3628 ἢ
818 3545 1001 3628 ξυμμαχίαν
1037 3544 1209 3626 ποιώμεθα
1244 3545 1450 3624 (ποιῶνταιῖ)
1488 3545 1571 3626 ἡμῖν.

390 3637 419 3698 4.
443 3634 478 3698 τὸ
503 3634 538 3698 δὲ
560 3635 697 3717 πέλαγος
713 3636 817 3704 αὐτοῖς
833 3634 915 3697 πολὺ
931 3634 1143 3716 περαιοῦσθαι
1159 3633 1385 3714 (περαιοῦταιλ)
1448 3634 1475 3695 5.
1492 3633 1571 3696 κατὰ

345 3724 451 3808 λόγον]
474 3724 544 3786 κατ’
568 3725 673 3805 ὀλίγον
696 3725 734 3786 al.
758 3724 844 3806 prob.
867 3723 967 3787 Linw.
1035 3722 1071 3784 τὰ
1095 3728 1159 3785 τών
1182 3722 1308 3785 πόλεων
1331 3723 1390 3785 οὐκ
1415 3725 1454 3785 ἀν
1478 3723 1572 3804 (ἐτιλ)

344 3814 458 3897 βέβαια
481 3815 611 3895 ἔχοντες.
682 3816 708 3875 8.
734 3813 787 3894 καὶ
809 3818 1007 3895 παραστῆναι
1030 3811 1264 3893 (παραστήτωλ)
1287 3811 1378 3874 παντί
1401 3818 1458 3875 eto.

434 3900 489 3964 VI.
514 3903 565 3963 35.
592 3902 617 3962 1.
643 3901 714 3964 οὐδ’
738 3901 844 3984 ἀληθῆ
868 3902 949 3964 ἐστιν
972 3903 991 3963 ἃ
1016 3901 1095 3982 λέγει
1119 3901 1251 3982 (λέγεται
1275 3900 1427 3983 Madvig),
1449 3907 1513 3971 τοῖς
1537 3901 1572 3964 δέ

346 3993 388 4070 (οῖ
411 3991 446 4055 δὲ
469 3990 536 4072 id.),
560 3995 617 4054 oto.
686 3991 790 4071 ἀλίγον
814 3990 843 4053 δ’
866 3989 906 4073 ῆν
929 3991 964 4053 τὸ
983 3996 1128 4053 πιστεῦον
1145 3989 1203 4074 -]
1228 3990 1273 4054 of.
1293 3991 1386 4053 Arist.
1402 3989 1480 4053 Rau.
1500 3993 1571 4054 783.

346 4082 451 4164 ὀλίγον
473 4080 509 4143 τδ
531 4079 668 4163 χρηστόν
691 4080 771 4143 ἐστιν
794 4080 904 4162 ὥσπερ
928 4080 1046 4144 ἐνθαδί.

436 4187 489 4252 VI.
507 4188 557 4250 36.
575 4188 603 4249 3.
627 4187 665 4251 οὗ
690 4185 750 4270 γάρ
774 4186 890 4258 αὐτοὺς
905 4186 990 4258 εἰκός
1004 4185 1284 4270 Πελοποννησίους
1306 4212 1338 4250 τε
1361 4187 1572 4258 ἀπολιπόντας

345 4278 399 4342 καί
430 4277 484 4342 τόν
516 4278 583 4342 ἐκεῖ
610 4277 751 4359 πόλεμον
782 4278 882 4359 μήπω
914 4277 1054 4360 βεβαίως
1085 4277 1354 4359 καταλελυμένους
1383 4278 1493 4357 (-ον7)
1522 4276 1572 4340 ἐπ’

346 4369 441 4432 ἀλλον
464 4368 605 4450 πόλεμον
629 4366 732 4447 (dem)
756 4367 816 4429 οὐκ
840 4366 963 4430 ἐλάσσω
987 4366 1117 4436 ἐπόντας
1140 4366 1243 4430 ἐλθεῖν
1267 4369 1316 4446 (ἀν
1340 4366 1482 4446 ἐλθεῖνῖ]

434 4455 489 4520 VI.
515 4458 565 4521 37.
591 4459 618 4522 3.
642 4454 729 4540 παρὰ
753 4461 903 4520 τοσοῦτον
927 4455 1111 4539 γιγνώσκω]
1137 4455 1192 4519 ‘So
1216 4455 1404 4540 completely
1428 4477 1479 4520 am
1502 4456 1518 4520 I
1542 4457 1576 4520 of

348 4547 498 4632 oplmon!
