3510 5338
630 395 817 444 rnuornrons
1293 382 1337 444 49

126 557 156 620 δέ
181 557 270 640 (All)
296 556 330 619 τδ
359 557 534 640 στράτευμα
563 563 620 622 010.
704 558 907 642 τραπόμενοι]
933 558 991 634 Qu.
1015 559 1224 642 τραπόμενον.
1267 561 1337 624 Nisi

124 652 248 730 praestat
270 647 411 709 έκέλευεν
435 684 477 692 -
500 647 696 729 παράγγελλε
719 649 776 728 (sle
798 648 834 710 Ε.
852 647 908 728 G).

204 737 238 797 V.
264 737 313 798 11.
340 737 367 797 1.
391 735 623 819 περιέρξαντες]
647 735 715 799 Imo
739 737 973 819 περιείρξαντες,

202 825 237 886 V.
264 827 313 886 12.
337 826 525 889 καθίσταντο
550 826 570 888 ό
591 850 617 888 τι
640 827 746 896 αὐτοῖς
774 826 877 889 ἐδόκει
908 826 954 909 μή
988 827 1096 896 καλῶς
1123 827 1215 911 ἔχειν]
1243 829 1335 910 μεθί-

122 939 221 977 σταντο
244 951 287 959 -
310 912 417 976 Herw.

203 1004 236 1065 V.
263 1006 312 1066 13.
335 1005 519 1085 νομίσαντες
543 1004 656 1067 οὐδένα
681 1003 793 1087 καιρδν
817 1003 893 1068 εἶναι
921 1007 962 1068 ἔτι
986 1007 1038 1088 (ἔτι
1062 1004 1139 1068 εἶναι
1162 1007 1277 1069 rnelius
1301 1005 1336 1068 A.

121 1093 148 1155 V.
170 1093 214 1172 (1.)
238 1098 294 1156 010.
366 1095 445 1175 δρᾶν
468 1119 494 1156 τι
518 1091 565 1156 ὧν
588 1095 734 1163 κάκεῖνος
757 1095 886 1176 (ἐκεῖνος
910 1093 1073 1174 Linwood)
1096 1095 1224 1158 ε’πενόει.

200 1183 237 1244 V.
263 1185 313 1244 14.
341 1183 368 1245 1.
392 1182 550 1246 ε’δεδίεσαν
573 1184 662 1246 codd.
687 1203 805 1248 omnes
829 1185 972 1247 έδέδισαν
996 1183 1071 1265 (non
1095 1185 1264 1268 ἐδεδίεσαν)
1288 1205 1336 1248 re-

120 1273 186 1354 poni
214 1272 305 1353 jubet
338 1273 475 1335 Cobetus
503 1272 540 1334 N.
564 1271 597 1335 L.
626 1293 654 1356 p.
679 1274 752 1335 466.
797 1272 841 1336 Cf.
870 1274 910 1335 ad
938 1273 993 1335 IV.
1025 1275 1074 1334 55.
1101 1275 1172 1336 117.
1205 1273 1335 1336 11152.

158 1361 191 1421 2.’
207 1361 369 1445 γεγένητο]
402 1361 471 1424 Inro
504 1363 674 1445 ἐγεγένητο.
757 1364 785 1424 3.
817 1361 872 1432 τάς
903 1363 1146 1444 τριακονταέτεις
1178 1363 1335 1446 σπονδάς]

119 1447 170 1524 Qu.
200 1450 253 1520 τὰς
285 1452 532 1533 τριακοντούτεις
552 1489 608 1514 -.
653 1450 695 1514 Of.
725 1451 748 1514 I.
779 1453 829 1512 23.
861 1454 932 1514 115.
965 1452 1004 1513 II.
1030 1454 1058 1513 2.
1093 1451 1130 1512 V.
1155 1454 1205 1516 27.
1238 1454 1335 1516 Arist.

118 1538 168 1620 eq.
186 1541 277 1602 1388.
301 1540 358 1610 τὰς
380 1540 651 1622 τριακοντούτιδας
672 1540 676 1623 )
696 1541 844 1610 σπονδάς.
874 1546 905 1604 01
928 1561 955 1600 v.
979 1542 1336 1622 κατατριακοντουτίξειν

117 1627 184 1690 ibid.
210 1631 304 1692 1391.
373 1630 427 1692 καὶ
450 1630 545 1699 ἄλλας
568 1631 629 1693 οὐκ
652 1630 769 1712 ήθελον
801 1630 992 1693 σπένδεσθαι
1026 1632 1056 1693 οἶ
1079 1631 1211 1712 Ἀργεῖοι
1241 1633 1270 1693 εἶ
1289 1633 1335 1714 μή

116 1709 155 1786 τίς
175 1719 277 1788 αὐτοῖς
306 1719 363 1801 τήν
385 1719 607 1801 Κυνοσουρίαν
631 1726 689 1802 γήν
712 1719 873 1783 ἀποδώσει
896 1719 1115 1802 (άποδώσσιῗ).
1189 1764 1190 1768 ,

196 1808 233 1869 V.
260 1809 312 1869 15.
339 1810 365 1869 1.
394 1809 515 1889 ὁμοίως
548 1808 634 1890 σφίσι
662 1806 832 1893 ξυγγενεῖς]
866 1809 970 1889 ὁμοῖοι
993 1808 1047 1871 καὶ
1071 1810 1155 1890 σφίσι
1180 1812 1336 1890 ξυγγενεῖς

117 1894 266 1960 Linwood.
344 1899 371 1960 2.
404 1899 525 1979 μᾶλλον
561 1900 600 1960 ἂν
638 1895 879 1982 ένδεξσμένους]
905 1898 1025 1979 μᾶλλον
1048 1899 1082 1960 έν
1105 1897 1333 1978 ένδεξαμένους

115 1985 145 2046 ln
166 1986 196 2048 1¹.
218 1987 342 2067 μᾶλλον
374 1989 413 2049 ἂν
441 1988 634 2068 δεξαμένους
662 2008 734 2049 oum
763 1987 928 2050 nonnullis
952 1986 1116 2049 codicibus
1139 1986 1334 2070 Donoldsou‚

116 2075 178 2136 ooll.
201 2076 254 2138 VI.
279 2077 332 2139 20.
358 2078 385 2138 1.
425 2075 465 2138 Et
488 2078 534 2138 sio
557 2075 722 2140 Dobraeus
746 2077 827 2139 Adv.
847 2076 1132 2140 11010100501.
1171 2077 1335 2159 Frequens

117 2163 161 2224 hio
183 2184 268 2229 error
291 2165 504 2228 librariorum.
544 2165 587 2229 ef.
612 2166 652 2229 ad
677 2165 714 2227 V.
740 2167 790 2228 94.
816 2167 903 2229 VIII.
920 2168 970 2228 25.
989 2167 1041 2233 71.
1065 2165 1106 2227 II.
1123 2167 1174 2227 80.

195 2255 232 2317 V.
252 2256 350 2317 16.1.
375 2256 534 2338 ἐτεθνήκει
551 2254 664 2318 Κλέων
686 2280 718 2318 τε
741 2255 793 2318 καὶ
809 2255 988 2338 Βρασίδας]
1011 2255 1094 2318 Fort.
1117 2256 1334 2337 ἐτεθνήκεσαν.

155 2345 181 2404 2.
204 2346 234 2406 οἱ
257 2347 291 2408 έν
317 2345 359 2426 (οῖ
382 2345 415 2406 ἓν
438 2344 527 2408 deest
549 2345 585 2408 in
603 2345 764 2428 plerisque
787 2345 888 2425 codd.)
912 2345 1044 2426 ἑκατέρᾳ
1067 2351 1104 2426 τῇ
1127 2345 1215 2407 πόλει
1239 2347 1333 2408 σπεύ-

116 2432 212 2502 δοντες
234 2438 345 2498 tuetur
367 2431 530 2496 Linwood.
600 2435 628 2495 3.
652 2433 913 2516 προεθυμοῦντσ]
944 2434 1052 2498 Scribe
1075 2435 1333 2515 προυθυμοῦντο.

156 2524 180 2583 5.
203 2523 346 2605 ὐργυρέᾳ
369 2523 487 2605 εὐλάκᾳ
511 2523 649 2595 εὐλάξειν
673 2524 823 2602 (εὐλάξειν
839 2526 877 2585 A.
893 2523 957 2606 Β)]
983 2521 1041 2597 Qu.
1059 2523 1199 2604 ἀργυρέᾳ
1223 2525 1334 2586 αὔλακι

116 2611 228 2694 (ditant)
251 2612 432 2685 αὐλακιξεῖν
456 2612 542 2695 (ol).
567 2613 605 2675 V.
629 2612 703 2676 Hes.
726 2612 783 2695 Op.
800 2614 873 2674 437.
891 2613 964 2674 441.
988 2611 1106 2675 Herod.
1123 2611 1163 2673 II.
1183 2613 1231 2673 14.
1272 2612 1334 2675 Sed

115 2702 259 2783 scrlptura
283 2701 379 2764 valde
401 2703 523 2765 incerta
546 2707 604 2784 est,
636 2721 742 2784 nequo
770 2701 844 2765 alibi
874 2706 1045 2765 ooourrunl
1069 2702 1189 2763 formae
1213 2701 1331 2764 εὐλάκα

115 2789 314 2872 (αα1εὐλαξ),
339 2791 477 2864 εὐλάξειν
501 2791 722 2873 (εὐλακίξεινῗ).
793 2793 820 2853 6.
846 2790 1000 2874 Λύκαιον]
1026 2791 1083 2867 Qu.
1107 2790 1254 2853 Λύκειον.

194 2881 232 2942 V.
258 2882 311 2943 17.
337 2882 365 2941 2.
393 2882 665 2963 προεπανεσείσθη
691 2880 755 2944 ἀπὸ
782 2880 863 2964 (ὐπδ
886 2887 970 2945 reete
995 2878 1112 2960 Cobet.)
1139 2885 1204 2942 τῶν
1227 2880 1331 2943 Λακε-

117 2967 291 3051 δαιμονίων.

194 3060 231 3123 V.
250 3061 303 3122 18.
323 3060 349 3122 1.
373 3057 408 3122 τδ
433 3060 466 3122 δὲ
490 3058 575 3141 ἱερὸν
593 3098 634 3106 -
651 3061 684 3123 έν
701 3059 834 3142 Δελφοῖς
859 3059 926 3142 [τοῦ
938 3058 1151 3142 Ἀπόλλωνος]
1168 3096 1210 3104 -
1228 3058 1332 3124 Cobet.

152 3149 237 3212 θύειν
260 3149 318 3212 καὶ
340 3149 416 3212 ἰέναι
444 3149 545 3231 (θύειν
573 3150 685 3222 έξεῖναι
708 3149 825 3230 Herw.)
853 3149 905 3212 καὶ
932 3149 1144 3230 μαντεύεσθαι
1171 3149 1225 3211 καὶ
1247 3150 1332 3213 θεω-

116 3243 171 3315 ρεῖν
194 3276 234 3284 -
258 3237 315 3301 τὸν
338 3238 543 3320 βουλόμενον.
613 3242 641 3300 2.
673 3239 751 3321 μήτε
783 3240 874 3321 τέχνη
907 3240 986 3320 μήτε
1017 3244 1146 3320 μηχανῇ
1174 3238 1332 3321 μηδεμιᾷ]

117 3324 155 3387 ef.
176 3327 247 3410 Lys.
269 3327 363 3392 XIII.
382 3329 432 3390 95.
455 3329 534 3410 μήτε
556 3329 648 3410 τέχνη
672 3329 751 3410 μήτε
772 3335 902 3410 μηχανῇ
925 3328 1067 3409 μηδεμιᾷ
1089 3328 1231 3390 θάνατον
1254 3330 1332 3391 έκεί-

114 3438 172 3478 νων
194 3417 472 3500 καταψηφίσησθε.
542 3419 570 3480 3.
598 3418 711 3498 δικαίῳ
742 3418 898 3499 χρήσθων
926 3417 979 3479 καὶ
1012 3416 1136 3499 ὅρκοις]
1166 3417 1267 3486 δίκαις
1291 3455 1332 3462 -

114 3503 210 3569 Herw.
234 3527 279 3572 ex
303 3506 494 3588 quibusdam
517 3507 607 3571 codd.
670 3509 698 3568 4.
717 3505 772 3575 τάς
789 3506 823 3568 δὲ
838 3505 944 3574 πόλεις
959 3507 1119 3588 φέρουσας
1136 3507 1165 3587 (1.
1182 3506 1237 3575 τὰς
1252 3531 1332 3588 (γερ,

115 3599 146 3654 01
167 3597 198 3658 in
222 3597 269 3679 G.)
294 3596 347 3659 τόν
371 3594 475 3677 φόρον
498 3601 555 3659 010.
625 3597 652 3656 5.
677 3598 716 3676 ἢν
740 3595 774 3658 δὲ
793 3596 956 3677 Ἀθηναῖοι
983 3596 1117 3658 πείθωσι
1140 3594 1195 3664 τὰς
1217 3595 1331 3668 πόλεις,

114 3683 305 3767 βουλομένας
336 3685 450 3754 ταύτας
483 3685 631 3768 (αὐτάςῖ)
663 3685 778 3757 ἐξέσται
812 3685 1000 3767 ξυμμάχους
1031 3685 1189 3747 ποιεῖσθαι
1218 3684 1333 3755 αὐτοὺς

115 3771 215 3856 (dell)
243 3775 443 3858 Ἀθηναίους.
514 3775 563 3838 10.
587 3773 702 3837 Πυθοῖ
725 3775 779 3837 καὶ
807 3776 840 3837 έν
868 3774 991 3856 Ἰσθμᾳῖ
1023 3774 1076 3836 καὶ
1108 3775 1142 3836 έν
1165 3773 1331 3858 Ἀθήναις]

118 3859 220 3927 Πυθοῖ
242 3865 297 3927 καὶ
319 3863 447 3945 Ἰσθμοῖ
475 3865 529 3927 καὶ
551 3864 721 3947 Ἀθήνησιν
750 3862 869 3946 Cobet,
903 3864 972 3927 0011.
996 3863 1068 3945 Lys
1092 3863 1132 3925 II.
1158 3865 1208 3925 45.
1241 3864 1276 3926 τὸ
1300 3866 1333 3927 έν

111 3948 225 4035 Ἰσθμῷ
258 3953 307 4036 (τὸ
335 3953 463 4034 Ἰσθμοῖ
492 3952 615 4033 Cobet.)
647 3959 755 4035 τεῖχος.
789 3953 867 4016 Ρ101.
898 3952 1014 4016 Α10.1.
1041 3954 1103 4015 129
1120 3955 1157 4015 A.
1190 3954 1209 4015 ό
1240 3959 1332 4015 τοῦτο

115 4039 236 4112 ἀναθεὶς
259 4045 302 4112 εἷς
324 4042 378 4105 τδν
402 4044 435 4106 έν
450 4042 565 4105 Πυθοῖ
584 4042 648 4123 (τὸν
663 4041 778 4105 Πυθοῖ
791 4042 910 4123 Cobet.)
933 4043 1023 4105 νεών.
1048 4042 1143 4104 Arist.
1160 4042 1217 4123 Eq.
1238 4044 1331 4103 1271.

114 4125 246 4195 Πυθῶνι
279 4133 312 4195 έν
340 4132 386 4216 (έν
411 4132 495 4196 (10101
518 4133 643 4215 Bergk.)
668 4132 727 4214 δίᾳ.
796 4132 850 4194 καὶ
873 4133 906 4194 έν
924 4131 1074 4214 Ἀθήναις
1101 4131 1155 4192 καὶ
1182 4131 1215 4193 έν
1243 4130 1332 4193 πόλει

115 4217 146 4298 (l.
170 4219 202 4283 έν
232 4222 320 4284 πόλει
353 4222 417 4302 καὶ)
442 4259 497 4282 -.
589 4223 622 4284 ἓν
645 4220 810 4304 Ἂθήναις]
840 4223 873 4284 έν
902 4241 961 4283 om.
986 4225 1024 4282 A.
1048 4220 1083 4283 B.
1107 4219 1143 4280 11.
1167 4220 1199 4282 V.
1240 4219 1330 4281 Male.

114 4305 155 4368 ef.
178 4328 201 4371 0.
225 4331 253 4394 g.
278 4313 329 4374 23.
397 4312 602 4393 ὁποτεροισύν
625 4312 679 4373 καὶ
702 4311 776 4373 ὅτου
801 4311 835 4390 (l.
860 4311 1031 4387 orovoevt)
1054 4309 1133 4390 πέρι.

198 4399 235 4460 V.
247 4402 297 4463 20.
309 4404 337 4462 2.
353 4408 390 4484 τῇ
406 4401 622 4483 ἀπαριθμήσει
640 4405 705 4463 τῶν
721 4401 889 4482 ὀνομάτων
909 4404 1008 4464 tentat
1022 4397 1184 4461 Linwood.
1201 4398 1332 4461 ί11011]οε
1357 4411 1359 4416 “

114 4483 269 4572 belleving
291 4492 342 4554 the
366 4492 586 4554 onumeradon
610 4491 642 4552 ol
665 4491 717 4552 llio
741 4509 849 4553 names
873 4492 907 4552 of
927 4491 1015 4553 tlrose
1036 4489 1108 4551 who
1132 4488 1233 4552 either
1248 4507 1331 4551 uero

1097 4598 1118 4659 4
