3576 5340
584 443 586 448 ⁵
697 478 884 528 mucronis
1361 461 1402 528 19

265 641 305 705 H.
331 643 381 706 39.
405 644 435 706 2.
459 641 614 725 οὔτεγὰρ
639 641 910 729 [Λακεδαιμόνιοι]
934 641 1072 726 Madvig.
1139 641 1217 707 καθ’
1240 641 1402 727 ἑκάστους]

174 732 228 797 ‘In
261 732 363 814 single
396 752 432 796 or
464 732 617 797 detached
648 732 806 816 portions'
839 732 977 817 explicat
1008 731 1169 796 Linwood.
1213 731 1292 796 Mox
1322 732 1401 815 μετὰ

172 822 304 884 πάντων
327 822 347 883 1.
365 841 393 905 q.
417 821 607 904 ξύμπαντες,
635 826 671 885 ut
697 823 733 885 in
755 820 812 885 IH.
837 822 865 884 5.
935 822 963 884 3.
992 821 1238 906 άτολμοτίρους]
1268 821 1402 905 ἀτολμο-

171 912 274 994 τέροις
296 915 380 977 recte
403 911 441 974 al.
1350 928 1355 938 ’

264 999 304 1064 Π.
328 1001 380 1064 40.
407 1003 434 1065 1.
467 999 521 1065 καὶ
552 1001 667 1084 ἑτέροις
689 999 771 1082 πρὸς
798 1001 875 1083 ἔργα
903 1001 1127 1084 τετραμμένοις
1150 999 1209 1084 -]
1237 999 1291 1064 καὶ
1313 1001 1403 1085 ἕτερα

173 1127 216 1136 -
240 1091 432 1174 nescioquis.
456 1090 509 1154 καί
532 1092 651 1174 ἑτεροῖα
668 1128 710 1137 -
726 1090 834 1155 Herw.
904 1093 933 1154 2.
956 1090 1189 1174 ἔνδυμούμεδα
1213 1088 1348 1174 [ὀρδῶς]
1364 1089 1402 1153 τὰ

172 1181 345 1263 πράγματα
368 1180 400 1243 Τ.
424 1178 634 1244 Holberisma.
702 1178 779 1243 ἀλλά
811 1179 856 1263 μὴ
889 1179 1157 1263 προδιδαχόὲντες
1189 1181 1257 1263 (pro
1288 1179 1401 1262 προδι-

175 1270 351 1352 δαχδῇναι)
386 1269 508 1352 μᾶλλον
544 1269 631 1352 λόγῳ
671 1269 827 1353 πρότερον
864 1268 917 1354 [ἢ]
954 1269 1006 1333 ἐπὶ
1041 1271 1061 1332 ἃ
1095 1269 1144 1332 δεῖ
1177 1269 1263 1351 ἔργῳ
1299 1268 1403 1334 ἐλύεΐν

174 1357 283 1422 Cobet.
322 1358 505 1424 “Dicuntur
531 1379 550 1422 a
577 1358 701 1422 Pericle
729 1360 816 1423 cives
843 1360 894 1422 sui
925 1359 1049 1443 βλάβην
1075 1358 1221 1441 ἡγεῖσθαι
1247 1357 1293 1441 μὴ
1321 1357 1402 1442 πρό-

173 1471 266 1531 τερον
288 1447 376 1531 λόγῳ
390 1449 658 1531 προδιδαχδόντες
681 1449 767 1531 ἔργῳ
790 1453 907 1531 χωρεῖν
929 1446 980 1530 ἐφ’
1004 1446 1117 1512 ἂδεῖ.”
1186 1446 1239 1512 καί
1263 1449 1294 1511 oi
1316 1447 1404 1511 αὐτοὶ

175 1574 218 1583 -
241 1538 351 1621 plures
374 1538 463 1601 codd.
501 1538 608 1603 Recte.
683 1540 711 1602 3.
743 1537 797 1601 καί
828 1537 900 1621 περί
931 1534 979 1601 ὧν
1011 1537 1250 1620 ἐπιχειρήσομεν
1282 1538 1312 1618 (f.
1336 1537 1402 1601 ἑπι-

173 1628 384 1710 χειρήαωμεν)
416 1627 640 1709 ἐκλογίζεσθαι.
731 1628 750 1690 ὃ
781 1633 845 1698 τοῖς
876 1626 981 1697 ἄλλοις
1009 1626 1068 1711 -]
1105 1625 1258 1690 Dicturus
1290 1629 1357 1690 erat
1384 1627 1403 1688 ὃ

175 1719 230 1796 (sc.
262 1716 297 1780 τὸ
331 1716 558 1798 ἐκλογίζεσθαι)
589 1722 653 1787 τοῖς
685 1716 791 1787 ἀλλοις
822 1717 920 1780 ὄκνον
952 1717 1054 1799 φέρει,
1091 1716 1149 1780 sed
1185 1716 1290 1779 subito
1328 1735 1404 1780 oon-

174 1807 384 1870 structionem
406 1811 515 1870 mutet.
554 1803 674 1870 Similis
700 1806 767 1871 fore
795 1809 953 1870 structura
977 1809 1025 1869 est
1046 1805 1085 1868 V.
1111 1805 1162 1868 95.
1191 1805 1231 1868 ού
1252 1811 1404 1868 τοσούτω

174 1895 263 1977 ἡμᾶς’
283 1895 411 1978 βλάπτει
434 1897 454 1978 ἡ
478 1896 581 1978 ἔχδρα
604 1896 698 1977 ὑμῶν
721 1900 779 1959 cto.

263 1985 304 2048 II.
329 1986 380 2048 41.
406 1985 433 2047 1.
456 1985 512 2067 τήν
535 2008 566 2049 τε
588 1989 695 2049 πᾶσαν
717 1984 808 2049 πόλιν
825 2022 866 2031 -
882 1984 1044 2049 παίδευσιν
1068 1982 1144 2047 εἶναι
1164 1989 1219 2066 τῆς
1237 1982 1402 2068 Ἑλλάδος]

173 2075 226 2138 An
250 2074 473 2158 condecenter?
506 2073 569 2138 Sed
585 2074 622 2138 cf.
638 2073 713 2138 Eur.
738 2073 858 2140 Phoen.
871 2075 965 2138 1035.
986 2072 1402 2156 ὦπτεροῦσαο-ἁρπαγά

167 2164 224 2247 v(de
248 2163 407 2248 Sphinge).
477 2165 505 2227 2.
529 2171 576 2246 τῷ
597 2164 741 2246 πολεμίῳ
761 2201 802 2211 -
821 2171 868 2246 τῷ
890 2162 1039 2247 ὑπηκόῳ]
1063 2162 1168 2228 “Forl.
1191 2185 1237 2245 τῳ
1259 2162 1403 2245 πολεμίῳ

173 2277 278 2336 -τῳ
300 2252 468 2336 ύπηκόῳ.”
492 2252 667 2334 (Linwood)
735 2254 775 2317 οὗ
804 2253 843 2336 δή
871 2277 918 2317 τοι
950 2253 1006 2334 (ού
1039 2251 1078 2335 δή
1111 2276 1175 2316 που
1207 2257 1264 2316 aut
1295 2252 1334 2315 ού
1363 2252 1402 2335 δή

172 2345 276 2423 πουΡ)
298 2343 484 2427 ἀμάρτυρόν
507 2366 542 2425 γε
565 2381 621 2405 -.

263 2432 303 2496 Π.
326 2435 378 2495 42.
405 2433 432 2494 1.
456 2433 517 2495 οὐκ
540 2434 580 2496 ἂν
602 2431 745 2516 πολλοῖς]
775 2432 835 2495 ούκ
862 2434 902 2496 ἂν
929 2434 964 2496 ἓν
986 2431 1114 2502 πολλοῖς
1137 2433 1217 2515 conj.
1240 2429 1402 2515 Linwood‚

175 2521 244 2585 coll.
268 2521 309 2584 II.
333 2523 385 2585 43.
418 2522 451 2584 ἓν
484 2521 530 2591 οἷς
561 2521 693 2604 μάλιστα
725 2521 846 2604 μεγάλα
874 2521 912 2584 τά
941 2521 1145 2603 διαφέροντα,
1177 2523 1217 2604 ἣν
1240 2521 1401 2585 πταίσωσι.

175 2609 234 2687 Qu.
251 2611 312 2674 οὐκ
328 2612 368 2674 ἂν
383 2610 512 2691 πολλῶν
528 2647 585 2672 -.
653 2611 763 2693 ὥσπερ
783 2609 899 2694 τῶνδε]
925 2608 983 2685 Qu.
1000 2610 1109 2693 ὥσπερ
1124 2610 1235 2674 τοῖσδε.
1305 2612 1333 2673 3.
1349 2610 1404 2673 καλ

174 2703 209 2764 ἐν
232 2701 321 2782 αύτῷ
342 2707 389 2782 τῷ
411 2700 589 2782 άμύνεσδαι
612 2699 666 2764 καλ
688 2700 803 2763 παθεῖν
830 2698 952 2783 μᾶλλον
974 2700 1169 2783 ἡγησάμενοι
1191 2702 1211 2782 ἢ
1234 2697 1270 2762 τὸ
1293 2699 1401 2763 ἐνδόν-

173 2814 222 2861 τες
250 2788 426 2873 σώζεοδαι]
459 2789 513 2852 καὶ
545 2791 579 2853 ἓν
611 2790 699 2871 αὐτῷ
725 2796 773 2872 τῷ
804 2789 983 2873 ἀμύνεσθαι
1018 2789 1075 2852 καί
1107 2813 1135 2852 τι
1170 2789 1287 2853 ποδοῖν
1318 2790 1352 2872 (i.
1376 2808 1402 2854 e.

174 2879 412 2961 occumbere)
444 2878 573 2944 κάλλιον
605 2880 689 2962 (curn
716 2878 861 2944 Dobraeo
893 2899 950 2963 pro
982 2878 1114 2961 μᾶλλον]
1142 2877 1402 2962 ἡγησάμενοι-

172 2968 279 3034 Herw.
317 2968 503 3053 Legendum
526 2969 655 3034 videtur
677 2968 731 3032 καὶ
753 2971 788 3032 ἐν
811 2969 900 3052 αὐτῷ
921 2975 968 3050 τῷ
991 2968 1049 3050 (sic
1068 2968 1100 3033 0.
1124 2973 1157 3032 el
1171 2988 1223 3052 pr.
1248 2966 1296 3049 G.)
1319 2968 1402 3050 ἀμύ-

172 3060 290 3123 νασδαι
317 3058 370 3122 καί
405 3059 521 3122 παδεῖν
553 3059 682 3122 κάλλιον
713 3059 908 3142 ἡγησάμενοι
939 3061 959 3141 ἢ
987 3063 1033 3140 τῷ
1063 3057 1204 3128 ἐνδόντες
1232 3057 1402 3132 σώζεσθαι,

174 3153 293 3212 aut-
317 3154 455 3231 κρεῖττον
487 3149 682 3232 ἡγησάμενοι
705 3153 762 3214 eto.
832 3148 871 3212 δι’
904 3148 1066 3230 ἐλαχίστου
1093 3153 1208 3231 καιροῦ
1240 3147 1336 3231 τύχης
1360 3184 1402 3194 -

175 3236 412 3320 ἀπηλλάγησαν]
444 3235 507 3300 Pro
539 3238 636 3321 τύχης
668 3257 720 3320 qu.
752 3244 807 3320 τῆς
839 3239 934 3321 ζωῇς.
1003 3238 1070 3320 ἅμα
1094 3237 1183 3321 ἀκμῇ
1210 3242 1265 3320 τῇς
1289 3236 1401 3321 δόξης]

175 3326 218 3390 Of.
243 3327 367 3388 Arrian.
391 3325 493 3389 Anub.
518 3325 589 3390 VII.
615 3326 665 3389 16.
691 3326 740 3388 ll.
769 3328 802 3389 ἐν
830 3327 919 3409 ἀκμῇ
947 3332 1002 3409 τῇς
1028 3349 1060 3389 τε
1092 3327 1188 3409 ἄλλης
1221 3326 1317 3409 δόξης
1348 3325 1403 3389 καί

174 3420 229 3479 τοῦ
252 3415 362 3479 πόδου
384 3419 441 3478 τοῦ
459 3414 535 3497 παρ’
551 3415 740 3496 ἀνθρώπων
754 3415 965 3497 ἀπηλλάχθαι.
988 3414 1083 3480 Dion.
1107 3415 1191 3480 Cass
1207 3414 1325 3479 LXVI.
1352 3415 1401 3478 18.

175 3507 208 3568 ἓν
240 3505 330 3589 ἀκμῇ
361 3509 416 3587 τῆς
448 3503 545 3587 δόξης
572 3504 723 3568 ἀπόθανε.
755 3502 873 3568 XLIII.
898 3505 950 3566 21.
982 3503 1050 3568 XL.
1076 3505 1126 3566 26.
1159 3504 1193 3568 ἐν
1225 3504 1314 3587 ἀκμῇ
1346 3509 1401 3567 τού

175 3594 267 3665 δέους
290 3595 346 3658 ὤν.

261 3684 303 3750 Π.
319 3685 371 3747 43.
390 3685 417 3747 3.
440 3682 485 3766 μὴ
510 3684 706 3767 περιορᾶσύε
722 3682 972 3768 (παραιτεῖοδελ)
996 3681 1069 3755 τοὺς
1084 3679 1278 3766 πολεμικούς
1292 3682 1400 3748 κινδύ-

174 3798 256 3845 νους.
325 3775 359 3837 ἐν
383 3772 446 3858 οἷς]
471 3771 528 3850 Qu.
553 3773 607 3844 οἷς.
677 3773 872 3857 ἀλγεινοτέρα
897 3772 958 3857 γὰρ
974 3773 1068 3857 ἀνδρί
1081 3797 1116 3856 γε
1131 3773 1284 3857 φρόνημα
1299 3774 1401 3856 ἔχοντι

174 3866 192 3947 ἡ
217 3865 250 3928 ἒν
272 3871 319 3947 τῷ
340 3862 419 3945 μετὰ
442 3869 498 3926 τοῦ
522 3863 559 3948 (ἡ
583 3863 661 3946 Ιμεταλ
688 3869 745 3927 τοῦ
773 3864 806 3928 ἐν
828 3871 875 3946 τῷ
898 3863 932 3928 C.
957 3863 992 3928 G.
1016 3883 1068 3946 qu.
1092 3865 1112 3947 ι]
1140 3861 1219 3945 μετὰ
1242 3863 1314 3946 τοῦ)
1336 3887 1399 3945 μα-

173 3954 360 4037 λακισθῆναι
383 3953 525 4023 κάκωσις
548 3955 568 4036 ἢ
592 3957 649 4018 eto.
718 3955 738 4036 ἡ
762 3954 796 4017 ἐν
818 3961 864 4036 τῷ
888 3974 948 4018 om.
971 3952 1127 4019 Stobaeus
1149 3974 1179 4037 p.
1203 3954 1254 4017 88.
1323 3954 1342 4036 ἦ
1367 3955 1401 4016 ἔν

173 4067 217 4125 τῳ
248 4042 326 4125 μετὰ
359 4048 415 4104 τού
439 4079 481 4087 -
505 4042 657 4107 Abresch.
680 4042 779 4108 Beki.
812 4041 873 4123 (Of.
897 4043 938 4106 II.
964 4045 1014 4106 37.
1048 4043 1094 4114 ὡς
1126 4043 1257 4114 ἕκαστος
1289 4043 1323 4105 ἔν
1354 4066 1400 4125 τῳ

175 4131 354 4214 εὐδοκιμεῖ.)
393 4129 451 4206 Qu.
484 4132 504 4213 ἡ
537 4131 585 4194 ἀεὶ
617 4132 685 4214 (vel
708 4131 780 4213 αἰεὶ)
805 4169 860 4193 -.
903 4131 952 4197 De
980 4150 1014 4197 re
1042 4133 1079 4197 cf.
1102 4132 1182 4196 Plal.
1206 4131 1301 4215 Legg.
1325 4129 1399 4195 XII.

176 4223 236 4286 687
254 4222 290 4286 Β.
314 4219 403 4304 ζωὴν
426 4219 559 4303 αἰσχρὰν
582 4220 759 4303 ἀρνύμενος
781 4220 859 4303 μετὰ
875 4221 979 4305 κάκης
1000 4222 1121 4305 μᾶλλον
1136 4224 1156 4304 ἢ
1172 4219 1239 4303 μετ’
1256 4221 1402 4304 ἀνδρείας

174 4312 270 4377 καλὸν
293 4311 347 4375 καί
369 4310 543 4394 εὐδαίμονα
567 4310 716 4374 δάνατον.

260 4401 301 4465 ΙΙ.
325 4402 377 4464 44.
404 4401 431 4464 1.
455 4398 529 4470 τοὺς
556 4399 658 4464 τῶνδε
685 4405 742 4464 νύν
769 4400 897 4485 τοκέας]
926 4399 1081 4484 Displicet
1103 4399 1155 4463 hio
1177 4405 1243 4464 νῦν.
1312 4397 1348 4462 τδ
1373 4397 1401 4462 δ’

175 4491 297 4574 εὐτυχὲς
329 4493 364 4554 οἳ
391 4491 431 4553 ἂν
462 4496 517 4573 τῇς
554 4489 803 4574 εὐπρεπεστάτης
838 4490 978 4574 λάχωσιν
1012 4491 1091 4572 (imo
1124 4489 1281 4572 τύχωσιν).
1349 4489 1403 4552 καί

175 4579 218 4648 οἷς
245 4583 284 4642 ἀν
312 4578 346 4642 εὖ
375 4578 567 4662 διαπονῆοαί
592 4604 624 4643 τε
652 4580 671 4642 ὁ
692 4580 762 4664 βίος
790 4580 912 4662 ὁμοίως
940 4579 994 4643 καί
1021 4577 1056 4642 εύ
1083 4579 1259 4662 τελευτῆσαι
1282 4581 1402 4662 ξυμμε-

1143 4687 1188 4749 2*
