3510 5338
352 452 394 512 82
776 463 778 468 ·
871 468 1057 514 nnocnnmns

440 629 527 693 VIII.
553 632 604 693 52.
631 633 656 694 l.
680 630 878 712 βουλόμενον
907 628 941 691 δὲ
964 629 1069 710 ὅμως,
1098 630 1127 692 εἰ
1148 629 1274 693 δύναιτό
1296 652 1381 702 πως,
1408 631 1578 713 πεισθῆναι

350 719 567 801 (πιστευθῆναι
591 719 627 782 G.
650 719 783 782 fortasse
805 724 898 782 recte.
939 716 997 794 Qu.
1021 718 1209 800 σπεισθῆναι
1233 719 1271 801 (λ)
1295 723 1349 781 ant
1368 719 1577 802 σπείσασθαι).

396 809 425 869 2.
449 805 497 872 ὧν
519 831 596 870 ποτε
621 807 686 891 [καί
708 805 874 890 πρότερον]
900 844 941 853 -
965 807 1067 890 ἦρχον
1089 806 1194 870 Herw.

439 896 527 960 VIll.
552 898 602 959 53.
627 900 655 959 2.
678 898 932 979 μαρτυρομένων
954 897 1008 959 καὶ
1031 894 1277 980 ἐπιθεαξόντων]
1306 894 1350 959 of.
1371 896 1576 961 Aesch.Cl10.

351 986 424 1047 856.
455 985 525 1048 τόδ’
557 988 754 1069 ἐπευχομένη
791 983 1031 1059 κδπιθεάξουσ’.
1064 984 1138 1047 Eur.
1167 984 1250 1049 Med.
1282 986 1376 1048 1409.
1413 986 1488 1049 τάδε
1523 988 1578 1050 καλ

349 1074 465 1157 θρηνῶ
480 1075 669 1149 κδπιθεόζω
690 1078 694 1158 Ι
714 1074 957 1157 μαρτυρόμενος
973 1074 1135 1155 δαίμονας.
1187 1074 1445 1158 ἐπιθειαζόντων]
1462 1075 1578 1138 Nonne

349 1164 605 1238 ἐπιθεαξόντωνῖ
638 1165 677 1225 V.
694 1163 807 1227 Blomf.
831 1164 872 1227 ad
887 1163 962 1226 ono.
980 1165 1053 1226 843.
1092 1165 1243 1226 Attamen
1267 1163 1485 1245 ἐπιθειασμῶν
1499 1165 1579 1247 legi·

350 1258 402 1315 tur
424 1253 496 1316 VII.
518 1254 572 1316 25.

438 1359 527 1423 VIII.
540 1361 590 1423 54.
602 1362 631 1421 2.
654 1359 806 1442 πράσσειν
829 1359 920 1429 ὅπως
935 1361 975 1422 ἂν
991 1360 1095 1428 αὐτοῖς
1112 1359 1222 1442 δοκοίη
1240 1359 1270 1442 (l.
1288 1358 1384 1442 δοκῇ,
1409 1359 1512 1442 δοκῆι)
1525 1397 1576 1424 -.

439 1448 527 1512 VIII.
552 1451 602 1511 55.
629 1450 656 1511 1.
690 1449 859 1532 ἀφιγμένοι
890 1449 953 1532 ήδη
987 1449 1037 1511 ἐπὶ
1068 1449 1117 1532 (ἐς
1143 1448 1267 1530 Herw.)
1300 1447 1356 1517 τὰς
1386 1454 1452 1512 τῶν
1478 1447 1575 1532 Ἀθη-

349 1538 447 1600 ναίων
470 1543 556 1607 ναῦς.

440 1643 527 1708 VIII.
546 1646 596 1708 56.
613 1647 642 1708 4.
666 1646 747 1709 ὥστε
769 1650 834 1709 τῶν
852 1644 1045 1729 Ἀθηναίων]
1062 1645 1144 1708 ὥστε
1158 1643 1194 1708 τδ
1210 1649 1275 1708 τῶν
1293 1644 1475 1726 Ἀθηναίων
1492 1664 1578 1708 unns

350 1735 460 1798 codex.
484 1735 565 1798 ὥστε
588 1734 652 1798 ὑπὸ
674 1736 742 1817 (aut
763 1734 857 1817 πρὸς)
879 1740 944 1798 τῶν
968 1772 1009 1780 -
1033 1735 1114 1815 conj.
1139 1731 1305 1814 Linwood,
1330 1733 1399 1796 coll.
1415 1731 1499 1796 Xen.
1517 1737 1577 1797 An.

348 1822 405 1886 III.
433 1825 459 1886 1.
485 1824 513 1885 5.
553 1823 744 1889 scholiastae
769 1825 939 1907 explicatio
963 1829 1023 1905 est,
1051 1823 1133 1886 ὥστε
1155 1822 1228 1892 τοὺς
1247 1821 1438 1905 Ἀθηναίους
1460 1824 1578 1893 αἰτίους

349 1914 496 1994 γενέσθαι
522 1919 578 1976 τοῦ
605 1913 651 1996 μὴ
680 1915 847 1997 συμβῆναι.
911 1912 1034 1976 Ἰωνίαν
1060 1937 1092 1975 τε
1120 1911 1181 1994 γὰρ
1209 1917 1315 1974 πᾶσαν
1342 1912 1453 1994 ἠξίουν
1476 1913 1576 1995 (ἠξίου

348 2007 434 2065 recte
457 2002 550 2064 Valla
565 2007 597 2066 et
613 2001 717 2065 Reisk.
734 2003 772 2066 cf.
789 2002 882 2081 infra)
907 2002 1062 2065 δίδοσθαι.
1133 2001 1161 2062 5.
1184 2001 1361 2082 παραπλεῖν
1383 2001 1441 2083 τὴν
1462 2003 1576 2064 ἑαυτοῦ

349 2090 419 2174 γῆν]
452 2092 575 2154 ἑαυτῶν
607 2091 756 2154 nonnulli
784 2092 874 2154 codd.
897 2091 986 2174 prob.
1010 2089 1108 2152 Idnw.
1178 2091 1282 2153 οὐκέτι
1307 2088 1356 2172 [τι]
1380 2090 1446 2153 ἀλλ’
1468 2091 1575 2171 ἄπορα

349 2179 548 2262 νομίσαντες]
578 2180 682 2243 οὐκέτι
709 2179 785 2242 ἄλλο
809 2182 878 2262 τιή
902 2181 1009 2262 ἄπορα
1037 2180 1219 2261 νομίσαντες
1242 2181 1324 2259 conj.
1348 2177 1505 2241 Linwood.
1530 2215 1571 2223 -

349 2269 456 2331 οὐκέτι
487 2268 554 2330 ἀλλ’
577 2271 597 2350 ἢ
621 2268 728 2352 ἄπορα
761 2292 833 2350 νομ.
856 2267 988 2331 Lindav.
1013 2267 1150 2350 Madvig.
1199 2266 1257 2343 Qu.
1288 2268 1391 2331 οὐκέτι
1419 2266 1572 2348 ἀνασχετὰ

350 2381 540 2439 νομισαντες.

438 2445 526 2510 VIII.
551 2447 601 2510 57.
626 2449 654 2509 2.
687 2447 732 2529 μὴ
766 2453 820 2529 τῆς
853 2447 887 2526 (l.
910 2452 948 2530 τῇ
974 2447 1044 2529 τῆς)
1075 2451 1198 2528 τροφῆς
1231 2446 1354 2528 ζητήσει
1386 2446 1577 2528 πορθῆσωσι

348 2535 404 2618 τήν
436 2537 575 2619 ἤπειρον.
615 2535 678 2600 Sed
709 2538 841 2600 fortasse
874 2536 1008 2599 articulo
1042 2542 1115 2598 ante
1146 2541 1269 2618 τροφῆς
1299 2534 1380 2597 nihil
1414 2555 1493 2618 opus
1521 2539 1576 2597 est.

350 2623 394 2687 Of.
418 2646 444 2690 e.
469 2645 496 2709 g.
520 2645 546 2690 ο.
571 2627 623 2689 81.

437 2732 526 2795 VIII.
551 2733 601 2795 60.
628 2733 654 2794 1.
684 2733 823 2796 ἀδύνατα
851 2732 891 2815 ἦν
914 2769 957 2777 -
980 2732 1025 2814 μή
1056 2732 1094 2794 οὗ
1121 2732 1243 2814 μεγάλα
1266 2730 1413 2814 βλάπτειν
1437 2727 1496 2815 -]
1529 2729 1576 2793 Of.

349 2821 548 2974 IIenod.ffIIl.
573 2824 624 2885 82.
659 2822 765 2906 δήμου
797 2847 829 2885 τε
861 2820 902 2884 αὗ
935 2822 1089 2903 ἄρχοντος
1116 2820 1256 2883 ἀδύνατα
1284 2819 1330 2902 μή
1355 2820 1394 2882 οὔ
1417 2819 1577 2901 κακότητα

349 2935 468 2993 εγγινεσ
494 2935 533 2973 αι.

438 2999 526 3063 VIII.
552 3001 602 3062 62.
629 3000 655 3062 1.
679 2998 890 3082 Δερκυλίδου]
915 2998 1089 3081 Δερκυλίδα
1114 2998 1221 3063 Cobet.

437 3087 526 3151 VIII.
551 3089 600 3150 63.
627 3090 655 3150 2.
687 3089 889 3171 βεβαιότερον
925 3087 1112 3171 κατέλαβον]
1151 3087 1210 3164 Qu.
1242 3087 1427 3171 βεβαιότερα
1453 3123 1508 3148 —.

396 3179 423 3239 3.
448 3176 639 3261 ε’σκίψαντο]
665 3175 723 3252 Qu.
747 3177 985 3260 ἐβουλεύσαντο.

364 3357 369 3368 .
439 3283 526 3348 VHI.
552 3287 602 3348 64.
627 3287 655 3347 3.
680 3284 772 3348 δοκεῖ
792 3284 828 3348 δέ
849 3308 905 3367 μοι
929 3283 989 3369 -]
1020 3285 1126 3348 δοκεῖν
1150 3285 1186 3347 δέ
1207 3309 1263 3367 μοι
1287 3321 1328 3330 -
1354 3283 1392 3345 al.
1430 3283 1576 3346 Fortasse

349 3378 447 3439 recte:
482 3375 517 3437 cf.
542 3375 581 3437 ad
614 3376 710 3438 Arist.
738 3375 797 3437 Av.
829 3374 922 3438 1225.
1012 3373 1227 3456 σωφροσύνην
1265 3373 1325 3456 γὰρ
1357 3372 1512 3455 λαβοῦσαι
1543 3371 1577 3433 αῖ

349 3460 470 3548 πόλεις(
494 3462 603 3525 Malim
625 3465 799 3546 μαθοῦσαι.
838 3464 884 3527 Oi.
909 3463 949 3526 ad
971 3464 1067 3526 Arist
1091 3461 1170 3525 Ran.
1196 3465 1269 3526 251.

441 3552 526 3616 VIII.
551 3555 602 3616 65.
628 3555 656 3614 3.
679 3553 773 3634 λόγος
795 3577 828 3616 τε
852 3591 893 3598 -
917 3552 1147 3634 προσείργαστο
1170 3553 1276 3622 αὐτοῖς
1299 3552 1345 3622 ὡς
1365 3549 1424 3633 -l
1447 3550 1574 3634 προείρ-

350 3664 445 3722 γαστο
470 3640 505 3702 G.
529 3662 573 3725 pr.
614 3641 672 3718 Qu.
696 3643 917 3724 προώργαστο.

437 3747 528 3811 VIII.
547 3749 597 3810 66.
617 3750 643 3811 1.
668 3748 734 3810 ἐπεῖ
757 3749 837 3821 ἕξειν
860 3771 894 3829 γε
910 3747 966 3830 τήν
981 3747 1072 3811 πόλιν
1096 3748 1262 3825 (πολιτείαν
1277 3747 1394 3829 Herw.)
1417 3747 1508 3828 οἵπερ
1523 3743 1577 3808 καὶ

348 3836 542 3917 μεθίστασαν
565 3836 704 3917 ἔμελλον.
744 3835 788 3899 cf.
809 3856 834 3900 c.
853 3838 903 3899 74.
926 3835 981 3924 καὶ
1004 3837 1156 3899 ἀντειπεῖν
1178 3838 1259 3899 ἔστιν
1283 3837 1377 3900 οὐδὲν
1399 3835 1481 3917 πρὸς
1502 3834 1576 3904 τοὺς

348 3926 479 4006 ἔχοντας
500 3925 556 4005 τήν
579 3925 743 3987 πολιτείαν.
811 3924 1062 4008 προυσκέπτετο]
1086 3926 1289 4008 προόσκεπτο
1312 3924 1419 3989 Elmsl.
1444 3926 1484 3987 ad
1499 3923 1575 3988 Her.

352 4016 423 4077 148.
447 4013 642 4095 ἐσκεμμένοι.
733 4015 769 4076 ἐκ
795 4015 917 4097 τρόπου
949 4013 1031 4084 τινός
1063 4015 1238 4099 ἐπιτηδείου
1271 4017 1375 4098 (Angl.
1398 4015 1439 4076 in
1475 4032 1576 4076 some

350 4105 582 4167 convenient
619 4103 785 4185 manner)
821 4105 966 4187 τεθνήκει
1002 4105 1178 4187 (ἐτεθνήκει
1209 4111 1294 4168 recte
1326 4106 1364 4166 A.
1392 4103 1427 4164 E.
1458 4101 1490 4164 F.
1520 4101 1576 4183 G.).

395 4195 422 4255 2.
446 4198 511 4256 τῶν
544 4191 729 4274 δρασάντων
766 4193 837 4256 οὔτε
869 4195 994 4276 ζήτησις
1031 4193 1096 4257 οὔτ’
1130 4195 1158 4257 εἰ
1190 4193 1417 4256 ὑποπτεύοιντο
1449 4193 1575 4272 (ὑπωπ-

348 4283 475 4346 τεύοντο
499 4281 534 4344 G.
558 4281 773 4345 nicomedem
797 4280 832 4343 Ε.
855 4287 912 4366 pr.)
941 4284 1102 4352 δικαίωσις
1129 4283 1272 4364 ἐγίγνετο.
1342 4283 1370 4343 3.
1394 4281 1454 4344 οὐκ
1478 4275 1575 4364 εἶχον]

350 4373 409 4434 οὐκ
434 4369 518 4453 εἶχον
542 4371 630 4435 αὐτοὶ
652 4372 789 4451 ἐξευρεῖν
804 4373 842 4432 A.
860 4372 895 4434 B.
915 4371 947 4434 n.
964 4371 996 4434 F.
1036 4371 1094 4446 Qu.
1117 4372 1172 4435 καὶ
1195 4371 1272 4434 αὐτὸ
1297 4369 1348 4433 διὰ
1380 4370 1415 4432 τὸ
1437 4369 1577 4452 μέγεθος

349 4467 403 4543 τῆς
425 4461 550 4530 πόλεως
574 4497 615 4506 -
641 4461 701 4523 οὐκ
733 4458 818 4542 εἶχον
850 4461 939 4524 αὐτοὶ
966 4462 1000 4543 (f.
1026 4460 1097 4539 del.)
1122 4461 1266 4543 ἐξευρεῖν.
1336 4460 1472 4540 ἐξευρεῖν
1499 4456 1577 4520 αὐτὸ

349 4549 498 4612 ἀδύνατοι
521 4550 608 4619 ὄντες
631 4549 709 4631 (fort.
733 4549 891 4612 ἀδύνατον
914 4552 960 4623 ὃν,
984 4554 1040 4613 aut
1061 4550 1167 4632 potins
1192 4550 1262 4630 del.)
1281 4585 1322 4594 ——
1343 4548 1403 4611 οὐκ
1427 4546 1520 4630 εἶχον.
