3510 5338
696 433 883 480 ruuornnns
1361 417 1403 480 59

261 594 313 658 Vl
345 595 397 657 20.
422 594 450 656 1.
474 594 545 658 οὐδ’
568 595 608 658 ἀν
639 591 695 678 τὴν
723 592 825 677 ἀρχὴν
849 631 889 641 -
914 594 1192 678 προσδεξομένους
1215 595 1386 678 (προσάεξα

165 683 294 767 μένους
315 687 400 747 reete
422 682 518 747 Dobr.
543 677 662 765 Cobet.)
685 689 742 749 etc.
782 684 827 748 Cf.
851 685 889 747 ad
914 683 952 746 V.
979 685 1027 748 15.

263 771 322 837 VI.
347 773 398 835 21.
426 774 451 835 l.
485 774 514 836 εἶ
543 773 707 858 ξυστῶσιν]
740 773 812 857 Leg.
845 777 884 857 ἢν
917 777 1077 848 ξυστῶσιν.
1147 777 1175 836 2.
1200 775 1260 837 οῦκ
1293 775 1326 837 ἓν
1358 783 1405 858 τῷ

166 863 279 945 ὁμοίῳ
313 862 572 945 στρατευσόμενοι
603 861 657 926 καί
689 864 749 926 οῦκ
784 863 887 944 (tirel)
915 864 948 926 ἒν
975 869 1039 934 τοῖς
1062 867 1118 927 eto.
1196 863 1250 927 καλ
1281 864 1341 927 οῦκ
1370 865 1404 928 ἓν

165 958 234 1022 τοῖς
251 951 314 1036 -]
338 951 391 1015 καλ
415 951 499 1036 [οὐκ]
524 953 558 1016 ἒν
579 958 644 1022 τοῖς
669 989 709 999 -
732 951 841 1017 Herm.
866 951 964 1016 Belli.
988 952 1041 1016 καὶ
1064 954 1093 1016 ει’
1113 953 1147 1017 ἐν
1169 959 1233 1024 τοῖς
1256 989 1298 999 -
1322 955 1403 1037 conj.

167 1042 311 1107 Goeller.
344 1041 398 1105 καλ
431 1043 460 1105 εί
487 1048 551 1113 τοῖς
575 1040 735 1106 Linwood.
768 1041 821 1105 nai
853 1041 904 1105 ὅτε
936 1043 969 1106 ἒν
991 1047 1055 1112 τοῖς
1077 1079 1120 1088 -
1144 1043 1301 1126 Badham,
1333 1062 1404 1107 sen-

166 1131 296 1195 tentiae
320 1131 380 1194 hoo
395 1151 524 1215 prorsus
540 1132 754 1196 necessarium
772 1151 841 1197 esse
857 1132 1038 1198 admoneus.
1106 1132 1270 1215 ἀλλοτρίαν
1285 1131 1403 1216 πᾶσαν]

167 1221 341 1304 ἀλλοτρίαν
363 1227 462 1305 νῆσον
484 1220 636 1285 Badham.
674 1221 748 1286 Non
780 1240 848 1286 esse
872 1223 958 1286 enim
989 1223 1078 1286 hunc
1100 1221 1208 1287 locum
1231 1221 1288 1284 ubi
1310 1222 1403 1286 intei-

168 1311 228 1394 ligi
254 1311 363 1394 possit.
432 1309 568 1374 αὐτόθεν
592 1309 627 1375 ἀὲ
650 1311 722 1392 (ἀεῖ)
744 1317 933 1394 παρασκευῇ
953 1311 1112 1395 ἀξιόχρεῳ
1134 1311 1252 1376 ἐπιέναι
1267 1311 1403 1395 Madvig.

263 1416 321 1481 VI.
347 1419 399 1481 23.
426 1417 453 1480 1.
476 1421 516 1502 ἢν
540 1416 600 1501 γὰρ
623 1418 712 1482 αὐτοί
734 1419 951 1504 ἕλθωμεν-]
975 1422 1015 1502 ἢν
1044 1417 1104 1502 γὰρ
1131 1419 1237 1490 αὐτοῖς
1265 1418 1403 1500 (ἀντίπα-

167 1507 238 1589 λον)
266 1543 308 1553 -
334 1509 413 1591 oonj.
446 1507 608 1571 Linwood.
684 1508 730 1591 μὴ
763 1508 931 1572 ἀντίπαλον
962 1508 1064 1590 μόνον
1095 1508 1404 1592 παρεσκευασμένοι]

170 1596 232 1672 Qu.
259 1597 422 1660 ἀντίπαλοι
438 1601 494 1661 aut
508 1597 686 1668 ἀντιπάλως
701 1598 782 1679 (ooll.
799 1597 887 1661 VIII.
904 1598 955 1660 87.
972 1598 1021 1677 4.).
1091 1595 1188 1681 [πλήν
1212 1622 1247 1679 γε
1264 1597 1347 1680 πρὸς
1369 1597 1404 1662 τὸ

167 1687 320 1770 μάχιμον
343 1687 449 1751 αὐτῶν
471 1685 507 1750 τὸ
530 1686 700 1771 ὁπλιτικὸν]
725 1686 881 1770 Badham,
905 1687 975 1768 qui:
1004 1684 1113 1762 “Quae
1136 1687 1265 1750 uncinis
1289 1686 1404 1752 inclusi

170 1776 332 1840 orationis
360 1780 500 1839 tenorem
529 1777 608 1840 mire
636 1777 777 1859 turbant,
806 1795 911 1859 neque
940 1775 1094 1859 quamdiu
1124 1776 1163 1841 de
1191 1774 1404 1856 Syracusano·

170 1886 247 1929 rum
272 1865 371 1948 copiis
395 1865 618 1949 intelliguntur
646 1866 734 1930 aliud
761 1870 885 1949 praeter
908 1866 1055 1930 tenebras
1079 1865 1262 1946 offundunt3
1292 1866 1405 1929 sedin

170 1975 268 2018 suam
297 1955 404 2020 sedem
431 1956 591 2039 restituta,
620 1955 679 2019 hoo
707 1960 755 2021 est
781 1956 815 2018 in
842 1956 970 2020 initium
999 1955 1125 2039 capitiS,
1153 1959 1185 2019 et
1212 1954 1252 2018 ad
1274 1953 1405 2038 Egesta-

172 2064 293 2108 norum
317 2045 563 2128 pollicitationes
586 2045 685 2109 relata
708 2064 838 2111 sensum
862 2045 1016 2128 praebent
1037 2044 1326 2128 percommodum.”

266 2150 322 2216 VI.
347 2153 398 2215 24.
424 2151 451 2214 1.
484 2155 504 2234 ἢ
533 2189 575 2199 -
603 2153 735 2233 μάλιστα
773 2153 875 2223 οῦτως
911 2153 1066 2235 ἀσφαλῶς
1097 2150 1279 2235 ἐκπλεῦσαι]
1317 2155 1337 2235 ἢ
1362 2189 1404 2198 -

172 2240 300 2323 μάλιστ’
323 2243 362 2305 ἂν
386 2278 427 2288 -
445 2245 529 2306 recto
546 2240 652 2306 Cobet
691 2242 745 2307 sio
769 2244 804 2305 in
828 2242 889 2306 hoo
912 2243 981 2326 ipso
997 2243 1100 2326 capite
1124 2241 1171 2312 ὥς
1192 2244 1213 2323 ἢ
1236 2265 1404 2324 καταστρε-

171 2332 333 2413 φομένοις
348 2367 391 2376 -
415 2333 434 2413 ἢ
458 2330 553 2395 οὐδὲν
580 2333 620 2394 ἂν
648 2332 818 2415 σφαλεῖσαν
845 2332 986 2414 μεγάλην
1011 2331 1153 2414 ἀύνσμιν.
1222 2332 1324 2402 οὕτως
1347 2332 1404 2395 ἀσ-
1534 2366 1536 2371 ·

173 2421 291 2503 φαλῶς
323 2421 490 2484 ἐκπλεῦσαι
517 2421 714 2501 (ἐκπλεύσειν
742 2420 787 2486 G..
806 2423 909 2501 corr).
1001 2422 1029 2482 2.
1062 2427 1126 2491 τοῖς
1152 2419 1212 2502 μὲν
1240 2419 1300 2503 γάρ
1330 2421 1405 2499 (imo

174 2519 220 2591 γε(
245 2511 483 2594 πρεσβυτέροις,
501 2547 542 2555 -
563 2516 628 2580 τοῖς
651 2509 680 2574 ‹i’
705 2547 761 2585 -,
785 2511 804 2573 ὁ
828 2509 863 2573 ἀὲ
885 2509 985 2580 πολύς
1008 2509 1118 2592 ὅμιλος
1142 2515 1198 2573 eto.
1266 2513 1286 2593 ἢ
1311 2509 1406 2574 οὐθὲν

174 2602 214 2662 ἀν
240 2600 413 2683 σφαλεῖσαν
436 2600 594 2682 (σφαλεῖσι
616 2598 708 2682 τὴνλ)
736 2600 877 2683 μεγάλην
901 2599 1043 2680 ἀύναμιν.
1112 2598 1270 2669 εύὲλπιάες
1303 2598 1405 2682 ὄντες]

175 2687 277 2764 Quasi
301 2689 525 2772 praecessisset
539 2689 738 2773 ἠράσθησαν,
761 2707 825 2752 non
842 2695 906 2759 τοῖς
922 2688 957 2751 ἀὲ
973 2689 1056 2770 ἔρως
1072 2688 1205 2752 ἐνέπεσε.
1275 2689 1303 2750 3.
1328 2689 1346 2751 ὁ
1371 2687 1405 2752 ἀὲ

174 2777 277 2849 πολύς
305 2778 415 2860 ὅμιλος
438 2778 497 2862 -]
531 2778 576 2843 Of.
599 2778 641 2842 II.
666 2780 717 2842 31.
749 2778 768 2842 ὁ
791 2779 886 2848 ἀλλος
917 2777 1027 2860 ὅμιλος
1062 2777 1168 2859 φιλῶν
1199 2777 1260 2841 οῦκ
1292 2776 1405 2859 ὀλίγος.

176 2869 227 2931 98.
258 2868 393 2939 ὁᾶλλος
421 2867 531 2949 ὅμιλος
555 2905 597 2915 -
620 2868 801 2951 ἠκολούθει.
870 2867 1021 2951 ἀργύριον
1049 2868 1143 2931 οἴσειν
1165 2866 1219 2930 καί
1245 2867 1404 2950 προσκτή-

176 2958 297 3022 σασθαι
320 2958 587 3042 (προσκτήσεσθαι
611 2962 694 3023 recte
718 2957 766 3038 G.)
790 2957 924 3039 ἀύναμιν
948 2962 1004 3021 eto.

267 3063 322 3127 VI.
347 3066 398 3128 25.
424 3066 452 3127 l.
474 3064 649 3148 παρελθών
671 3090 715 3136 τις
736 3070 801 3129 τῶν
819 3063 1012 3149 Ἀθηναίων]
1042 3062 1091 3129 So.
1115 3063 1347 3148 Demostratus
1370 3068 1407 3129 ut

177 3159 303 3220 constat
326 3173 368 3218 ex
391 3154 474 3218 Plut.
498 3154 567 3218 Nic.
594 3156 643 3217 12.

268 3242 323 3306 VI.
348 3244 399 3305 26.
426 3245 452 3307 1.
476 3244 627 3325 πράσσειν
648 3242 671 3328 ᾖ
694 3247 733 3307 av
756 3246 861 3314 αὐτοῖς
886 3245 967 3328 ἀοκῇ
983 3245 1092 3326 ἄριστα
1117 3242 1193 3307 εῖναι
1211 3242 1404 3327 Ἀθηναίοις]

176 3332 282 3416 Haec,
306 3338 343 3397 ut
362 3334 678 3416 interpretamentum
695 3335 870 3417 praegressi
887 3334 1123 3415 αὐτοκράτορας
1139 3332 1228 3405 εῖναι,
1253 3332 1407 3397 deleverit

179 3422 299 3505 Herna,
323 3422 443 3487 addens
467 3422 523 3486 “si
546 3424 686 3506 genuina
709 3427 796 3505 sunt,
819 3427 904 3487 certe
920 3421 1125 3485 scribendum
1148 3421 1202 3485 καλ
1217 3421 1288 3503 περὶ
1312 3445 1405 3504 στρα-

177 3518 243 3584 τιᾶς
266 3536 298 3576 τε
320 3513 467 3595 πλήθους
489 3511 543 3576 καλ
565 3511 644 3576 oto.’'

267 3619 322 3683 VI.
348 3619 399 3682 27.
424 3621 453 3682 2.
477 3618 527 3682 aa
559 3621 744 3702 ξυνωμοσίᾳ
775 3621 843 3701 ἅμα
876 3619 1040 3702 νεωτέρων
1067 3617 1331 3702 πραγμάτων-
1355 3641 1405 3700 γε-

179 3709 347 3794 γενῆσθαι]
381 3708 429 3774 So
462 3708 573 3773 ἐθάκει.
614 3708 659 3773 Of.
683 3710 766 3774 Plut.
790 3709 859 3773 Alo.
884 3710 935 3772 20.
968 3709 1014 3780 ὡς
1047 3707 1110 3772 ἀπὸ
1142 3712 1218 3791 μιᾶς
1250 3706 1300 3772 ἐπὶ
1327 3731 1405 3772 νεω-

179 3807 319 3882 τερισμῷ
341 3800 544 3882 συνωμοσίας
567 3800 790 3885 (νεωτερισμοῦ
814 3799 999 3883 συνωμοσίᾳ
1022 3803 1107 3863 recte
1123 3797 1240 3879 Herw.)
1263 3821 1405 3883 πεπραγ-

268 3995 324 4060 VI.
350 3998 401 4058 28.
428 3997 455 4058 1.
478 3996 628 4079 μηνύεται
645 4035 687 4045 -
703 3995 768 4061 ἀπὸ
793 3993 867 4079 (ὑπὸ
884 4001 968 4061 recto
985 3995 1103 4076 (lohet.)
1126 3996 1283 4078 pantania
1305 4000 1406 4060 τινῶν.

269 4086 323 4149 VI.
348 4087 399 4149 29.
424 4088 452 4148 2.
477 4086 708 4170 ἐπεμαρτύρετο
735 4086 780 4170 μὴ
806 4086 942 4157 ἀπόντος
965 4087 1062 4149 αῦτοῦ
1086 4086 1183 4167 (delet
1196 4085 1314 4162 Herw.)
1339 4085 1405 4148 ἀισ-

180 4174 278 4256 βολὰς
310 4175 533 4258 ἀποάέχεσθαι.
624 4176 698 4259 πρὶν
732 4175 899 4261 ἀισγντῦσι]
936 4175 1010 4258 πρὶν
1048 4176 1220 4257 ἀιαγνῶναι
1253 4178 1337 4239 route
1370 4175 1406 4237 G.

226 4266 254 4328 3.
278 4266 415 4348 ῥήτορας
447 4265 588 4348 ἀνιέντες,
627 4268 661 4329 οἳ
688 4266 795 4347 ἔλεγον
827 4271 884 4330 νῦν
915 4265 975 4348 μὲν
1006 4265 1093 4329 πλεῖν
1120 4264 1217 4345 (πλεῖν
1246 4263 1310 4327 ἀεῖν
1333 4265 1407 4346 jure

181 4355 314 4437 requirit
335 4353 452 4434 Herw.)
480 4354 583 4418 σῦτύν.
622 4355 666 4419 Ol.
691 4355 787 4418 Arist.
811 4355 871 4418 Ar.
896 4357 968 4418 550.
1001 4354 1054 4418 καὶ
1083 4354 1113 4434 (1.
1139 4352 1213 4433 ἀεῖν)
1240 4351 1279 4436 δὴ
1302 4352 1407 4416 τοίνυν

181 4449 291 4527 πρῶτα
316 4443 459 4508 ἀιάάσκω
480 4445 557 4529 μίαν
580 4444 722 4529 ὀρνίθων
737 4445 828 4510 πόλιν
851 4443 935 4509 εἶναι.
1003 4443 1059 4528 τὴν
1083 4441 1225 4528 ἀγωγὴν]
1249 4442 1305 4526 τὴν
1328 4441 1405 4506 άνα-

182 4532 289 4620 γωγὴν
311 4538 396 4600 recto
418 4533 455 4599 Ε.
