3510 5338
330 454 371 516 90

417 632 511 694 Thuc.
537 679 543 692 .
568 679 574 693 .
599 683 605 694 .
631 680 636 692 .

416 721 512 784 Thuc.
537 769 543 782 .
568 771 574 783 .
599 769 604 780 .
630 770 636 782 .

416 810 511 874 Thuo.
537 858 542 870 .
568 858 573 871 .
598 859 636 871 ..

408 898 512 962 Thuc.
537 946 543 959 .
568 949 574 960 .
600 947 605 960 .
630 950 636 962 .

328 990 347 1071 ἡ
373 987 401 1052 δ’
425 988 582 1071 ἒπειαρέει.

416 1078 511 1140 Thuc.
536 1126 542 1139 .
566 1126 573 1138 .
598 1127 603 1138 .
629 1126 634 1138 .

328 1167 563 1248 ἐτειχίσαντο.

416 1257 510 1319 Thuc.
535 1307 541 1319 .
566 1305 572 1317 .
598 1307 603 1317 .
629 1305 634 1316 .

415 1346 512 1409 Thuc.
537 1394 543 1405 .
569 1393 574 1405 .
600 1394 636 1408 ..

416 1435 512 1498 Thuo.
537 1485 543 1496 .
568 1483 574 1494 .
600 1485 605 1496 .
630 1484 636 1497 .

415 1523 502 1586 Thuc
505 1572 633 1585 .....

326 1608 520 1691 Dodonaeo).

874 469 1017 516 ADDENDA

662 630 708 693 Of,
733 630 770 692 V.
797 631 847 693 13.
870 626 1045 699 τεθνεῶτας
1068 632 1142 711 (non
1166 629 1376 712 τεθνηκότος).
1400 628 1455 693 VI.
1482 632 1553 696 103.

661 720 706 785 Of.
730 719 754 782 I.
780 720 851 781 143.
875 719 1100 801 πλευσούμεθα
1124 719 1181 802 (sic
1205 719 1313 801 codd).

661 810 705 874 Cf.
728 810 753 873 Ι.
779 809 851 871 126.
875 810 909 872 ἕν
932 808 1074 890 Δελφοῖς.
1098 809 1136 871 V.
1163 810 1212 871 16.

661 898 707 962 cf.
735 898 822 981 Trag.
851 898 955 982 adesp.
985 899 1036 960 62.
1073 897 1126 961 καὶ
1156 898 1213 981 τὴν
1243 898 1303 980 μὲν
1335 893 1553 982 ἐξαντλαῢμεν,

659 1075 702 1140 Of.
726 1079 750 1138 Ι.
777 1077 825 1138 ll.
854 1075 889 1139 τὸ
917 1075 978 1159 γὰρ
1002 1078 1104 1159 ἔρυμα
1133 1083 1179 1158 τῷ
1202 1076 1406 1159 στρατοπέδῳ
1431 1077 1491 1140 οὐκ
1514 1080 1554 1140 ἂν

660 1254 703 1318 Of.
729 1253 799 1318 VII.
826 1255 876 1317 19.
899 1261 954 1336 τῆς
976 1259 1041 1318 τῶν
1059 1255 1240 1338 Ἀθηναίων
1263 1255 1396 1325 πόλεως.

662 1343 705 1406 Of.
729 1344 784 1406 IV.
810 1346 860 1407 29.
884 1345 1035 1428 ὥρμηντο
1060 1344 1318 1408 διακινδυνεῦσαι.
1370 1377 1372 1380 ·

661 1432 705 1496 Of.
719 1432 807 1497 VIII.
820 1434 869 1495 66.
886 1434 1112 1497 ὑποπτεύαιντο
1128 1433 1385 1516 (ὕποταπεύαιντο
1400 1434 1444 1514 Ε,
1454 1435 1551 1516 corn).

670 1521 721 1586 διὰ
753 1521 888 1606 ταχέων]
922 1522 966 1586 Of.
990 1523 1080 1586 Dem.
1104 1543 1133 1606 p.
1159 1524 1232 1606 531,
1259 1524 1307 1586 19.
1340 1525 1389 1605 (in
1423 1523 1552 1587 oraculo

681 4587 799 4642 HIIAS,
814 4587 898 4631 TYPIS
913 4587 1185 4632 ORPHANOTROPHEI.
